Time,Bid,Ask
1481545036761351792,0.0,0.0
1481553000000329777,118.82,121.83
1481553000210193093,117.04,121.83
1481553001335234543,117.04,119.55
1481553001335241094,118.82,119.55
1481553006049034936,118.47,119.55
1481553008026774879,119.02,119.55
1481553008027795142,118.47,119.55
1481553012275838563,119.01,119.55
1481553012281374398,118.47,119.55
1481553012283981796,119.02,119.55
1481553018375467518,118.47,119.55
1481553020192858561,119.01,119.55
1481553020210247036,118.47,119.55
1481553027329423347,118.88,119.55
1481553028457469953,118.47,119.55
1481553028469078256,118.85,119.55
1481553028469557523,118.85,119.2
1481553028470245933,118.47,119.2
1481553031182970856,118.85,119.2
1481553032616428154,118.47,119.2
1481553033789920224,118.84,119.2
1481553033795879670,118.47,119.2
1481553042800671682,118.8,119.2
1481553042801826835,118.47,119.2
1481553043452540749,118.8,119.2
1481553043453895051,118.47,119.2
1481553050145720216,118.79,119.2
1481553051219082490,118.81,119.2
1481553051710879845,118.79,119.2
1481553059855181507,118.79,118.84
1481553059862492741,118.81,118.84
1481553059876004650,118.81,119.2
1481553060735505481,118.83,119.2
1481553060737744686,118.81,119.2
1481553061176946785,118.79,119.2
1481553069198464059,118.47,119.2
1481553072687200487,118.12,119.2
1481553073138899384,118.12,118.78
1481553073717894781,118.12,119.2
1481553085002104933,118.12,118.74
1481553086075099775,118.12,119.2
1481553087038860166,118.12,118.7
1481553087057918730,118.12,118.69
1481553091004303569,118.12,119.2
1481553099132341674,118.67,119.2
1481553099262177778,118.12,119.2
1481553099988600223,118.12,118.69
1481553100239766548,118.12,118.68
1481553102686348984,118.12,119.2
1481553105567097127,118.47,119.2
1481553114716789468,118.47,119.55
1481553121723014006,118.47,119.2
1481553124922847138,118.47,118.91
1481553124929308242,118.47,119.2
1481553124932709135,118.47,119.55
1481553127230159317,118.47,118.91
1481553127231089200,118.47,119.55
1481553127452317610,118.47,118.93
1481553128677009581,118.47,119.55
1481553161676971619,118.12,119.2
1481553166311252485,118.47,119.2
1481553167705510798,118.47,118.86
1481553168869493527,118.47,119.2
1481553168877393480,118.47,118.85
1481553169481243526,118.47,118.85
1481553169483597396,118.47,118.85
1481553169484830690,118.47,118.85
1481553169485908690,118.47,118.85
1481553170170110448,118.47,119.2
1481553187105502585,118.12,119.2
1481553189196834901,118.12,118.81
1481553190189956549,118.12,119.2
1481553207674613187,118.47,119.2
1481553233619768682,118.47,119.55
1481553249221063542,118.47,119.2
1481553269767299957,118.47,119.55
1481553305979696349,118.47,119.2
1481553318446504595,118.12,119.2
1481553335656432179,118.12,118.76
1481553335664151113,118.12,119.2
1481553339374146409,118.12,118.74
1481553341644374163,118.12,119.2
1481553360194104840,118.12,118.76
1481553362476823811,118.12,118.71
1481553368529894048,118.12,119.2
1481553419623346352,118.12,118.85
1481553437219572292,118.12,119.2
1481553442102511155,118.12,118.61
1481553442699897713,118.12,119.2
1481553454163216909,118.12,118.58
1481553454430462578,118.12,119.2
1481553459135465181,118.62,119.2
1481553459815468731,118.12,119.2
1481553481820429910,118.7,119.2
1481553482440447094,118.12,119.2
1481553492827867390,118.12,118.79
1481553492828806465,118.12,119.2
1481553523748014670,118.73,119.2
1481553524120089625,118.12,119.2
1481553532286041250,118.12,118.82
1481553532396803684,118.12,119.2
1481553544342464559,118.47,119.2
1481553549701140687,118.47,119.55
1481553551493691075,118.47,119.0
1481553552114692403,118.47,119.55
1481553603899015724,118.47,119.0
1481553604007696214,118.47,119.55
1481553623738363075,118.47,119.2
1481553627366902985,118.47,118.91
1481553628173717055,118.47,119.2
1481553630405311457,118.47,119.55
1481553638220548707,118.47,119.2
1481553657030388125,118.47,119.55
1481553668598608265,118.47,119.2
1481553685244748960,118.12,119.2
1481553699464260219,118.76,119.2
1481553703483026941,118.12,119.2
1481553713509658175,118.12,118.68
1481553713843234774,118.12,119.2
1481553735641126174,118.12,118.62
1481553735654679948,118.12,119.2
1481553736159359431,118.12,118.61
1481553736649415252,118.12,119.2
1481553740728630224,118.12,118.67
1481553740816482256,118.12,119.2
1481553753993641356,118.63,119.2
1481553754159244893,118.12,119.2
1481553754219619504,118.63,119.2
1481553755353493353,118.12,119.2
1481553756188445805,118.12,118.64
1481553756944615714,118.12,119.2
1481553827786840357,118.59,119.2
1481553831027452499,118.12,119.2
1481553835663769483,118.56,119.2
1481553838277319720,118.12,119.2
1481553857641473047,118.6,119.2
1481553857831741908,118.12,119.2
1481553863707569712,118.12,118.64
1481553864363439891,118.57,118.64
1481553868908517184,118.12,118.64
1481553871396865665,118.55,118.64
1481553874747410552,118.55,119.2
1481553875404106113,118.12,119.2
1481553885423317561,118.55,119.2
1481553887242952618,118.12,119.2
1481553900878137651,118.12,118.85
1481553901314400069,118.12,118.51
1481553902794361208,118.12,118.85
1481553925415072540,118.12,118.46
1481553926879985319,117.77,118.46
1481553927618895524,117.77,118.85
1481553939139423746,118.45,118.85
1481553939335131111,117.77,118.85
1481553947816236957,117.77,118.44
1481553950475243109,117.77,118.85
1481553966427575382,117.77,118.38
1481553968920565201,117.77,118.85
1481553969040397361,117.77,118.36
1481553971205354154,117.77,118.85
1481553983900190308,117.77,118.41
1481553986691162828,117.77,118.85
1481553997689353971,117.77,118.45
1481553998008702141,117.77,118.85
1481554002472207820,117.77,118.43
1481554004599271703,117.77,118.85
1481554007073338312,117.77,118.4
1481554009714406596,117.77,118.85
1481554019052807376,117.77,118.3
1481554021797368866,117.77,118.85
1481554021839789249,117.77,118.27
1481554024095516221,117.77,118.85
1481554034700799129,117.77,118.23
1481554036089755339,117.77,118.85
1481554040626436657,117.77,118.28
1481554043689517539,117.77,118.85
1481554045773655550,117.77,118.85
1481554057658166986,117.77,118.28
1481554058194900936,117.77,118.85
1481554058240137376,117.77,118.27
1481554065920235861,117.77,118.85
1481554084456521595,117.77,118.33
1481554084672910261,117.77,118.32
1481554088538371185,117.77,118.85
1481554089170889819,117.77,118.3
1481554091607400933,117.77,118.85
1481554098021653861,117.77,118.28
1481554100491000411,117.77,118.85
1481554100539104518,117.77,118.26
1481554105066450469,117.77,118.85
1481554113952055304,117.77,118.25
1481554114253795496,117.77,118.85
1481554124475965563,117.77,118.25
1481554126753519027,117.77,118.85
1481554134249784554,117.77,118.32
1481554137146428288,117.77,118.85
1481554142140331522,117.77,118.27
1481554144250789863,117.77,118.85
1481554155638323096,118.25,118.85
1481554155643096180,118.25,118.27
1481554156606106748,118.25,118.85
1481554171184815282,117.77,118.85
1481554172643972612,118.24,118.85
1481554174532544002,117.77,118.85
1481554175929693581,117.77,118.26
1481554183240890060,117.77,118.85
1481554193898100916,117.77,118.26
1481554193990836832,117.77,118.85
1481554203040979612,118.29,118.85
1481554203553293764,118.29,118.38
1481554204155171777,118.29,118.36
1481554205380185100,118.29,118.38
1481554205380215928,118.29,118.85
1481554220761548070,118.29,118.36
1481554223143394999,118.29,118.85
1481554239888814971,118.36,118.85
1481554243904211223,118.12,118.85
1481554279877688268,118.12,119.2
1481554326291727837,118.57,119.2
1481554342322199228,118.12,119.2
1481554358555808386,118.72,119.2
1481554359213344533,118.72,119.2
1481554359557109913,118.12,119.2
1481554436914538821,118.4,119.2
1481554439349854042,118.12,119.2
1481554441579542336,118.45,119.2
1481554531208497763,118.8,119.2
1481554532620449999,118.45,119.2
1481554532649570974,118.47,119.2
1481554532820590956,118.83,119.2
1481554533062296363,118.47,119.2
1481554544253436768,118.45,119.2
1481554557555172843,118.74,119.2
1481554557637922748,118.45,119.2
1481554579311030439,118.7,119.2
1481554579314870469,118.45,119.2
1481554597384850884,118.74,119.2
1481554597485516878,118.45,119.2
1481554597488361052,118.76,119.2
1481554598073859512,118.45,119.2
1481554631268176570,118.47,119.2
1481554654990180467,118.8,119.2
1481554664938102982,118.47,119.2
1481554680834594028,118.81,119.2
1481554681840778151,118.47,119.2
1481554682863361956,118.78,119.2
1481554684808316515,118.47,119.2
1481554731425787632,118.45,119.2
1481554743436296314,118.78,119.2
1481554744771286601,118.45,119.2
1481554776846012577,118.75,119.2
1481554776855525919,118.76,119.2
1481554778668824680,118.45,119.2
1481554789070901457,118.81,119.2
1481554789784507594,118.45,119.2
1481554801053045720,118.45,118.75
1481554801835500469,118.45,119.2
1481554867450613061,118.47,119.2
1481554883132953713,118.45,119.2
1481554915103693744,118.79,119.2
1481554919581714898,118.47,119.2
1481554921728901612,118.47,118.78
1481554921872550633,118.47,119.2
1481554922205742018,118.81,119.2
1481554922521958437,118.47,119.2
1481554926861785285,118.45,119.2
1481554952240814818,118.75,119.2
1481554952242152419,118.76,119.2
1481554952249432599,118.45,119.2
1481554986319006131,118.73,119.2
1481554986321838205,118.45,119.2
1481554994615188919,118.69,119.2
1481554994622071593,118.45,119.2
1481555002649637498,118.62,119.2
1481555004606529518,118.45,119.2
1481555012510008455,118.63,119.2
1481555039571415600,118.12,119.2
1481555078646516275,118.23,119.2
1481555100211900627,118.12,119.2
1481555101054208433,118.12,119.02
1481555152377514623,118.12,118.85
1481555187166713641,117.77,118.85
1481555221489982886,118.12,118.85
1481555232331946881,118.12,118.55
1481555232708917230,118.12,118.85
1481555251962497243,118.12,119.02
1481555258558651647,118.58,119.02
1481555262360356534,118.12,119.02
1481555266395435319,118.12,118.61
1481555267815255126,118.12,119.02
1481555310055168910,118.12,118.85
1481555343288918865,118.12,118.54
1481555343386326034,118.12,118.85
1481555361995214432,118.12,118.5
1481555362007297731,118.12,118.85
1481555445686157507,117.77,118.85
1481555470095866093,118.12,118.85
1481555488931178446,118.12,118.85
1481555489183737221,118.12,118.5
1481555507903797946,118.12,118.85
1481555514025249758,118.12,118.49
1481555514025270697,118.12,118.85
1481555537951458099,118.12,118.46
1481555540719927850,118.12,118.85
1481555540920146695,118.45,118.85
1481555541383713485,118.12,118.85
1481555543982345362,118.49,118.85
1481555553972487672,118.12,118.85
1481555593594835090,118.12,118.47
1481555603807523812,118.12,118.47
1481555607821915185,118.12,118.47
1481555619931737557,118.12,118.85
1481555627863256111,117.77,118.85
1481555627901828442,117.77,118.41
1481555628001015630,117.77,118.41
1481555636934646131,117.77,118.41
1481555641031670574,117.77,118.85
1481555665101171370,117.77,118.41
1481555667173675216,117.77,118.85
1481555669070147770,117.77,118.43
1481555673082042248,117.77,118.85
1481555697370900565,118.12,118.85
1481555697714364982,118.48,118.85
1481555697739129590,118.12,118.85
1481555739013056494,118.45,118.85
1481555740134969650,118.12,118.85
1481555756839866279,118.44,118.85
1481555760152255203,118.12,118.85
1481555790650462565,117.77,118.85
1481555804532540792,118.12,118.85
1481555823712894544,118.12,118.51
1481555834743588157,118.12,118.51
1481555842489602510,118.12,118.51
1481555842489877664,118.12,118.85
1481555846778422860,118.12,118.48
1481555851800312072,118.12,118.85
1481555855823185513,118.12,118.44
1481555863860771813,118.12,118.85
1481555897822503757,117.77,118.85
1481555900990193429,117.77,118.41
1481555924022364005,117.77,118.41
1481555926547399066,117.77,118.85
1481555940565208387,118.38,118.85
1481555949594281012,117.77,118.85
1481555971130187188,117.77,118.34
1481555976358093960,118.28,118.34
1481555977007401212,117.77,118.34
1481555977012621180,118.3,118.34
1481555977358113451,117.77,118.34
1481555978153376934,117.77,118.85
1481555978550659089,118.32,118.85
1481555979162834736,117.77,118.85
1481555992662813630,118.33,118.85
1481555992889038735,117.77,118.85
1481556002381113865,117.77,118.38
1481556013629422738,117.77,118.85
1481556017651623441,117.77,118.39
1481556022886911840,117.77,118.39
1481556022889836204,117.77,118.85
1481556039135376693,118.39,118.85
1481556044478095006,118.42,118.85
1481556044479724664,118.39,118.85
1481556044511717198,118.42,118.85
1481556044561520795,118.39,118.85
1481556044565751404,118.43,118.85
1481556062142564212,117.77,118.85
1481556079813721578,118.12,118.85
1481556120179274424,118.28,118.85
1481556121379478772,118.44,118.85
1481556121379685945,118.44,118.85
1481556129949669822,118.44,118.85
1481556129949847595,118.28,118.85
1481556196282822839,118.28,118.39
1481556196286860242,118.28,118.85
1481556196660781265,118.28,118.4
1481556198893655379,118.28,118.85
1481556198938519187,118.28,118.38
1481556198983518229,118.28,118.85
1481556211544714328,118.39,118.85
1481556218608123326,118.28,118.85
1481556246591390007,118.41,118.85
1481556248590749913,118.28,118.85
1481556263900880272,118.43,118.85
1481556277515356800,118.28,118.85
1481556291300329626,118.39,118.85
1481556295070388662,118.28,118.85
1481556319693673565,118.28,118.39
1481556325708007501,118.28,118.85
1481556340014477154,118.37,118.85
1481556342659677066,118.28,118.85
1481556360662843164,118.34,118.85
1481556360792095921,118.28,118.85
1481556372425031813,118.28,118.34
1481556380866822510,117.77,118.34
1481556385457118528,117.77,118.85
1481556408157957884,118.25,118.85
1481556409325150605,117.77,118.85
1481556442195374399,118.27,118.85
1481556444527715684,117.77,118.85
1481556447076665354,117.77,118.31
1481556456927925365,117.77,118.85
1481556472772055991,118.3,118.85
1481556473072002500,118.31,118.85
1481556473111634850,118.3,118.85
1481556477783575801,118.29,118.85
1481556495951339037,117.77,118.85
1481556505014091615,117.77,118.32
1481556580462966520,117.77,118.85
1481556592366958343,117.77,118.27
1481556593888024628,118.24,118.27
1481556593905547407,118.24,118.85
1481556598357196581,117.77,118.85
1481556599034257398,117.42,118.85
1481556599034269677,0.0,118.85
1481556599034270716,0.0,119.7
1481556608548538371,118.21,119.7
1481556621576524383,0.0,119.7
1481556634791550786,0.0,118.29
1481556640814138443,0.0,118.3
1481556644653249117,0.0,119.7
1481556651938106811,118.3,119.7
1481556653249728407,0.0,119.7
1481556653251828643,118.32,119.7
1481556653325128405,118.32,118.37
1481556657997043360,0.0,118.37
1481556659506579863,0.0,119.7
1481556672554555586,0.0,118.39
1481556672627373342,0.0,119.7
1481556673693988985,0.0,118.37
1481556674095626619,0.0,119.7
1481556698913929380,118.38,119.7
1481556703047430208,0.0,119.7
1481556705656452853,118.36,119.7
1481556706177828553,0.0,119.7
1481556706372087372,118.37,119.7
1481556708639571227,0.0,119.7
1481556721451829646,0.0,118.34
1481556723404632733,0.0,118.34
1481556723859079815,118.32,118.34
1481556725589836415,0.0,118.34
1481556726043721396,118.32,118.34
1481556727701754649,0.0,118.34
1481556732849707677,0.0,118.34
1481556736950993034,0.0,119.7
1481556742070850317,118.36,119.7
1481556742906895367,0.0,119.7
1481556749019296589,0.0,118.34
1481556758053951393,0.0,119.7
1481556758054589267,0.0,118.32
1481556760389262972,118.1,118.32
1481556761074712858,118.1,118.3
1481556761874805782,118.1,118.3
1481556763899738543,0.0,118.3
1481556767094458760,0.0,118.31
1481556768059448114,118.25,118.31
1481556768138455408,118.25,119.7
1481556769439910308,0.0,119.7
1481556771591597198,118.1,119.7
1481556778622314652,118.31,119.7
1481556778916847275,118.1,119.7
1481556794262965786,118.31,119.7
1481556801244479541,118.1,119.7
1481556822542525502,118.26,119.7
1481556822548408006,118.1,119.7
1481556826414202802,118.26,119.7
1481556827734160113,118.1,119.7
1481556834550652177,118.1,118.29
1481556834678460804,118.1,118.29
1481556837322994931,118.1,118.29
1481556839693470603,118.1,119.7
1481556849516761294,118.19,119.7
1481556849582265097,118.1,119.7
1481556853448901190,118.1,118.2
1481556860092565170,118.1,119.7
1481556877556954340,118.19,119.7
1481556877556991012,118.1,119.7
1481556896999588114,118.1,118.26
1481556900983449296,118.1,119.7
1481556903068701232,118.32,119.7
1481556906913172086,118.1,119.7
1481556913431834297,118.31,119.7
1481556921901343719,118.1,119.7
1481556938135400076,118.33,119.7
1481556944784044091,118.1,119.7
1481556949803600155,118.1,118.33
1481556951365511592,118.1,118.33
1481556954826176778,118.1,118.33
1481556961755729042,118.1,119.7
1481557037314808084,118.38,119.7
1481557040241395776,118.1,119.7
1481557040302956266,118.15,119.7
1481557057680290387,118.15,118.39
1481557067710034392,118.15,119.7
1481557084391434401,118.3,119.7
1481557100649369030,118.35,119.7
1481557103227701896,118.3,119.7
1481557108537274977,118.15,119.7
1481557124863237264,118.15,118.3
1481557130793738948,118.15,119.7
1481557132414009069,118.29,119.7
1481557132414246746,118.15,119.7
1481557153711764842,118.3,119.7
1481557157747941014,118.15,119.7
1481557174114496211,118.29,119.7
1481557176184237168,118.3,119.7
1481557198844772028,118.15,119.7
1481557276299932150,118.35,119.7
1481557276300186955,118.35,119.7
1481557277254565526,118.35,119.7
1481557277254750407,118.15,119.7
1481557295093617181,118.15,118.38
1481557304229885157,118.15,119.7
1481557315497888823,118.36,119.7
1481557321676718682,118.15,119.7
1481557337490359171,118.37,119.7
1481557337877693171,118.15,119.7
1481557358267088994,118.39,119.7
1481557358276593809,118.15,119.7
1481557366587786785,118.15,118.39
1481557374620090340,118.15,119.7
1481557395146751613,118.38,119.7
1481557395160950083,118.4,119.7
1481557408748729118,118.38,119.7
1481557408752069888,118.15,119.7
1481557424314036295,118.44,119.7
1481557432230652899,118.15,119.7
1481557472360168519,118.45,119.7
1481557472401699657,118.15,119.7
1481557475069492651,118.46,119.7
1481557477780787286,118.15,119.7
1481557490773625431,118.1,119.7
1481557490819889458,118.19,119.7
1481557499357100904,118.42,119.7
1481557501128157719,118.42,124.0
1481557514393537374,118.19,124.0
1481557599984943435,118.19,118.52
1481557601268481451,118.19,124.0
1481557608065391345,118.5,124.0
1481557608852221100,118.19,124.0
1481557618717257302,118.19,118.52
1481557619389747375,118.19,124.0
1481557638366432443,118.19,118.52
1481557640060246973,118.19,124.0
1481557640065997251,118.19,118.5
1481557652692940580,118.19,118.51
1481557654004420573,118.19,118.5
1481557655152018662,118.48,118.5
1481557657297576708,118.19,118.5
1481557659267563232,118.44,118.5
1481557660193558389,118.19,118.5
1481557661224229484,118.44,118.5
1481557661224291647,118.19,118.5
1481557663560535322,118.44,118.5
1481557664952484675,118.19,118.5
1481557664989969653,118.43,118.5
1481557668177748234,118.19,118.5
1481557668681999844,118.47,118.5
1481557668694606004,118.19,118.5
1481557705969250691,118.42,118.5
1481557715393939537,118.19,118.5
1481557715497292107,118.41,118.5
1481557726760578928,118.19,118.5
1481557726841906442,118.43,118.5
1481557728344650089,118.19,118.5
1481557742552461220,118.46,118.5
1481557747484873474,118.19,118.5
1481557766357382238,118.47,118.5
1481557771625002163,118.47,118.5
1481557775158580837,118.19,118.5
1481557785325649978,118.19,118.5
1481557796470140474,118.19,118.5
1481557801264643092,118.48,118.5
1481557801714070055,118.19,118.5
1481557820467481670,118.45,118.5
1481557826346476213,118.19,118.5
1481557854845169197,118.49,118.5
1481557865000602882,118.19,118.5
1481557866907613316,118.48,118.5
1481557867653038660,118.19,118.5
1481557901315108087,118.49,118.5
1481557904073124966,118.19,118.5
1481557908123815748,118.19,118.5
1481557908558334736,118.49,118.5
1481557908604062836,118.19,118.5
1481557921386336389,118.47,118.5
1481557922578997262,118.48,118.5
1481557951446486446,118.24,118.5
1481557986607992614,118.49,118.5
1481557986629724557,118.24,118.5
1481557987721258634,118.49,118.5
1481558005710999751,118.49,118.5
1481558013778366480,118.24,118.5
1481558019151631243,118.45,118.5
1481558020086529728,118.24,118.5
1481558028874345196,118.43,118.5
1481558054514208063,118.43,118.47
1481558054514229724,118.43,118.5
1481558062620108815,118.45,118.5
1481558067841097365,118.43,118.5
1481558091606201883,118.24,118.5
1481558091785935444,118.38,118.5
1481558124742440895,118.46,118.5
1481558129075992509,118.24,118.5
1481558132766478110,118.24,124.0
1481558137843885059,118.24,118.5
1481558137875645974,118.24,124.0
1481558163222921982,118.24,118.5
1481558166301050339,118.24,124.0
1481558172690653595,118.49,124.0
1481558173822213797,118.24,124.0
1481558177680611874,118.49,124.0
1481558179871205686,118.24,124.0
1481558179934591612,118.24,118.5
1481558203247253547,118.47,118.5
1481558214984153891,118.24,118.5
1481558224794550357,118.45,118.5
1481558227805433740,118.41,118.5
1481558237366572913,118.44,118.5
1481558237439162168,118.45,118.5
1481558238003401378,118.41,118.5
1481558253667326155,118.24,118.5
1481558260657493989,118.48,118.5
1481558262204356038,118.48,118.5
1481558262204785499,118.48,118.5
1481558262213397153,118.48,118.5
1481558262217294105,118.48,118.5
1481558262252499628,118.24,118.5
1481558280432731853,118.49,118.5
1481558283267680703,118.24,118.5
1481558322381846329,118.24,124.0
1481558345669662900,118.24,118.5
1481558345686652961,118.24,118.5
1481558345699796100,118.24,124.0
1481558345718186562,118.24,118.5
1481558350749600642,118.46,118.5
1481558352048173296,118.46,124.0
1481558356457839848,118.46,118.5
1481558370158011731,118.46,118.5
1481558375718603735,118.48,118.5
1481558391439417039,118.46,118.5
1481558400731820937,118.48,118.5
1481558404171430067,118.46,118.5
1481558424949452081,118.46,118.54
1481558424981019411,118.46,118.5
1481558425927218038,118.48,118.5
1481558428716938295,118.46,118.5
1481558428722531112,118.47,118.5
1481558429873262744,118.48,118.5
1481558436424137967,118.46,118.5
1481558436434665457,118.47,118.5
1481558436438480592,118.46,118.5
1481558441090433661,118.25,118.5
1481558464456236358,118.25,118.5
1481558578656514981,118.45,118.5
1481558582844445656,118.25,118.5
1481558585629677346,118.46,118.5
1481558585629762855,118.25,118.5
1481558592680504437,118.47,118.5
1481558594065706559,118.25,118.5
1481558610599786032,118.46,118.5
1481558611456500778,118.46,118.48
1481558611457682671,118.46,118.5
1481558611460457539,118.46,118.5
1481558611464118231,118.46,118.5
1481558613948303397,118.25,118.5
1481558621776930809,118.46,118.5
1481558621978491630,118.25,118.5
1481558622013526189,118.47,118.5
1481558624420910297,118.25,118.5
1481558640533218496,118.48,118.5
1481558641440153669,118.25,118.5
1481558642693901900,118.49,118.5
1481558643261449323,118.25,118.5
1481558656490441446,118.25,118.5
1481558660737882858,118.25,118.5
1481558665011732319,118.25,118.5
1481558665017268061,118.25,118.5
1481558665019130833,118.25,118.53
1481558686717636876,118.25,124.0
1481558695207883731,118.51,124.0
1481558695705136461,118.51,118.52
1481558697054754210,118.25,118.52
1481558724894025937,118.25,118.49
1481558724997277730,118.25,118.52
1481558730660619090,118.48,118.52
1481558730665793454,118.25,118.52
1481558734974027697,118.44,118.52
1481558750577847387,118.47,118.52
1481558751180702754,118.44,118.52
1481558752553907329,118.25,118.52
1481558756071034714,118.25,118.43
1481558757554783574,118.25,118.52
1481558785648257377,118.46,118.52
1481558785650502651,118.25,118.52
1481558795875708214,118.47,118.52
1481558805226864451,118.25,118.52
1481558842285532095,118.14,118.52
1481558842327767292,118.21,118.52
1481558877000802806,118.21,118.4
1481558893105330269,118.34,118.4
1481558894548851833,118.21,118.4
1481558919212947105,118.21,118.5
1481558927608675662,118.35,118.5
1481558934609266048,118.21,118.5
1481558993604496749,118.36,118.5
1481558997696871936,118.21,118.5
1481559006088659792,118.31,118.5
1481559079008755798,118.31,118.38
1481559080524890330,118.31,118.5
1481559138133712526,118.34,118.5
1481559148216621995,118.36,118.5
1481559191206724988,118.36,118.5
1481559191207181820,118.34,118.5
1481559191952464665,118.1,118.5
1481559321700523020,118.1,118.45
1481559350943561058,118.4,118.45
1481559358859481716,118.1,118.45
1481559365841601417,118.1,118.5
1481559433497950776,118.44,118.5
1481559438313636556,118.1,118.5
1481559473179797331,118.1,118.42
1481559479067928664,118.1,118.4
1481559479739012964,118.1,118.42
1481559497698198577,118.38,118.42
1481559500204088286,118.1,118.42
1481559503267934553,118.1,118.5
1481559527964264275,118.37,118.5
1481559531590178463,118.1,118.5
1481559634436667349,118.37,118.5
1481559634437828349,118.1,118.5
1481559640905524946,118.37,118.5
1481559642690562852,118.1,118.5
1481559662694920551,118.38,118.5
1481559663584257033,118.1,118.5
1481559663594596830,118.39,118.5
1481559665557454571,118.1,118.5
1481559677690610072,118.39,118.5
1481559685540733827,118.1,118.5
1481559686020165787,118.39,118.5
1481559687691957877,118.1,118.5
1481559693064589238,118.1,118.4
1481559707344537917,118.1,118.36
1481559707369969439,118.1,118.4
1481559713293464680,118.1,118.37
1481559713898514383,118.1,118.35
1481559724929084838,118.1,118.37
1481559738583337108,118.34,118.37
1481559747095512849,118.34,118.4
1481559755505186260,118.1,118.4
1481559763509473789,118.1,118.32
1481559764027658337,118.1,118.4
1481559803124924216,118.32,118.4
1481559804880592827,118.1,118.4
1481559827211135045,118.1,118.37
1481559827211174024,118.1,118.5
1481559836758096238,118.31,118.5
1481559836772928194,118.1,118.5
1481559940579656399,118.1,118.4
1481559954614462376,118.1,118.5
1481560079539313124,118.1,118.31
1481560085799848184,118.1,118.5
1481560095557157873,118.31,118.5
1481560095730575043,118.1,118.5
1481560125285752038,118.1,118.32
1481560125928452837,118.1,118.5
1481560131716417960,118.1,118.34
1481560161802783490,118.1,118.5
1481560234411037380,118.1,118.38
1481560235352530055,118.1,118.5
1481560287409324424,118.1,118.39
1481560287409425140,118.1,118.5
1481560319434714790,118.1,118.38
1481560320146302258,118.1,118.5
1481560335058689543,118.37,118.5
1481560338779507692,118.38,118.5
1481560341926970268,118.1,118.5
1481560384078196034,118.38,118.5
1481560395228708254,118.1,118.5
1481560395722660416,118.38,118.5
1481560396015089880,118.38,118.5
1481560396020872472,118.38,118.5
1481560396063548565,118.39,118.5
1481560396571191792,118.1,118.5
1481560420450397575,118.3,118.5
1481560442528824111,118.1,118.5
1481560452713368390,118.31,118.5
1481560453130345763,118.1,118.5
1481560454344958528,118.31,118.5
1481560454368483131,118.1,118.5
1481560459961497605,118.31,118.5
1481560460487745107,118.1,118.5
1481560497702975192,118.32,118.5
1481560499582149141,118.1,118.5
1481560557170179064,118.1,118.37
1481560597346483132,118.32,118.37
1481560599519271314,118.1,118.37
1481560603269292406,118.1,118.5
1481560605130005248,118.1,118.36
1481560605130041560,118.1,118.5
1481560611321949669,118.34,118.5
1481560617670625865,118.1,118.5
1481560624591477103,118.34,118.5
1481560624591497803,118.1,118.5
1481560641381866044,118.32,118.5
1481560648173650650,118.1,118.5
1481560714240103916,118.27,118.5
1481560772304638186,118.31,118.5
1481560787138124813,118.27,118.5
1481560799582846214,118.1,118.5
1481560854015028814,118.25,118.5
1481560859190369543,118.26,118.5
1481560859216508904,118.25,118.5
1481560859285062336,118.26,118.5
1481560859457966497,118.25,118.5
1481560863349487620,118.26,118.5
1481560864466116336,118.25,118.5
1481560864479769499,118.27,118.5
1481560866271054922,118.1,118.5
1481560866690089540,118.27,118.5
1481560871583110480,118.1,118.5
1481560889029211527,118.29,118.5
1481560896766928070,118.24,118.5
1481560896979005645,118.1,118.5
1481560941669847498,118.3,118.5
1481560941670988720,118.1,118.5
1481560958225629330,118.1,118.38
1481560962443366240,118.1,118.39
1481560986058072120,118.35,118.39
1481560986450458547,118.1,118.39
1481560987709724249,118.36,118.39
1481560995611409118,118.1,118.39
1481561001706066613,118.37,118.39
1481561004526536773,118.1,118.39
1481561016533168502,118.1,118.35
1481561020214851290,118.1,118.39
1481561021823101936,118.1,118.5
1481561022708515931,118.1,118.33
1481561022786915898,118.1,118.5
1481561028057556805,118.1,118.34
1481561056489733008,118.1,118.5
1481561060782957652,118.29,118.5
1481561062805464542,118.1,118.5
1481561118313336654,118.28,118.5
1481561124428085824,118.1,118.5
1481561124473194913,118.3,118.5
1481561129292605391,118.1,118.5
1481561133263883676,118.1,118.31
1481561133686996401,118.1,118.5
1481561138133367215,118.1,118.34
1481561157470539749,118.3,118.34
1481561159224591864,118.1,118.34
1481561162199171843,118.1,118.5
1481561182862026999,118.1,118.28
1481561193901596929,118.1,118.5
1481561300202345684,118.17,118.5
1481561325651815903,118.1,118.5
1481561336604426023,117.6,118.5
1481561353420434015,118.18,118.5
1481561360855341964,118.18,118.25
1481561361683211846,117.6,118.25
1481561365870615915,117.6,118.5
1481561432170981331,117.6,124.0
1481561432179403002,117.6,118.4
1481561432491005051,117.6,124.0
1481561432498850013,117.6,118.3
1481561432807220634,117.6,124.0
1481561432815006205,117.6,118.2
1481561433183725457,117.6,124.0
1481561433199647735,117.6,118.1
1481561436043738978,0.0,118.1
1481561453468101238,0.0,118.1
1481561453694858169,0.0,118.1
1481561457567053464,0.0,124.0
1481561464818080359,0.0,118.12
1481561484373715191,0.0,124.0
1481561493880250143,0.0,118.08
1481561499320505584,0.0,124.0
1481561503949464757,0.0,118.14
1481561520998415219,0.0,124.0
1481561547329444210,118.05,124.0
1481561547723411198,0.0,124.0
1481561547761188071,118.04,124.0
1481561549243151176,0.0,124.0
1481561566148678317,118.05,124.0
1481561567723308712,0.0,124.0
1481561568666417382,118.05,124.0
1481561568667532273,0.0,124.0
1481561569646219583,118.06,124.0
1481561572180730737,0.0,124.0
1481561656475573825,0.0,118.08
1481561658360103068,0.0,124.0
1481561677611431815,118.02,124.0
1481561677613869953,118.03,124.0
1481561680020616194,0.0,124.0
1481561682052067355,118.0,124.0
1481561682774961855,118.0,118.07
1481561687712952067,0.0,118.07
1481561689590993392,0.0,118.0
1481561692504039030,0.0,124.0
1481561725043844104,117.99,124.0
1481561725043913664,117.99,124.0
1481561725078596196,117.99,124.0
1481561725078678151,0.0,124.0
1481561725091215198,117.99,124.0
1481561725091303363,117.99,124.0
1481561725955872789,0.0,124.0
1481561762714319072,0.0,118.07
1481561768184499028,0.0,124.0
1481561768926290851,118.09,124.0
1481561769318408636,0.0,124.0
1481561794018003475,117.98,124.0
1481561803962191979,117.98,118.2
1481561863972916162,117.98,118.14
1481561864289982320,117.98,118.2
1481561871424931106,118.12,118.2
1481561873316158678,117.98,118.2
1481561901438411839,118.16,118.2
1481561902796022202,117.98,118.2
1481561960197245522,0.0,118.2
1481561963253648044,118.11,118.2
1481561963409264471,0.0,118.2
1481562005375749909,0.0,118.18
1481562013174746310,118.12,118.18
1481562014488355527,118.12,118.18
1481562024223702518,0.0,118.18
1481562038598119974,0.0,118.14
1481562038598150896,0.0,118.18
1481562040818665930,0.0,118.13
1481562040818894830,0.0,118.18
1481562042469480944,0.0,118.2
1481562071193162046,0.0,118.09
1481562075536487159,0.0,118.2
1481562080784184173,118.08,118.2
1481562082726042493,0.0,118.2
1481562087730985614,118.1,118.2
1481562088558215629,0.0,118.2
1481562106812388441,0.0,124.0
1481562106819667179,0.0,118.1
1481562218493315072,0.0,124.0
1481562218502711362,0.0,118.0
1481562271708133846,117.91,118.0
1481562278446641339,0.0,118.0
1481562278448346428,117.93,118.0
1481562280136373241,0.0,118.0
1481562369385409608,0.0,117.95
1481562393441165442,0.0,118.0
1481562424154216071,0.0,117.87
1481562428118389621,0.0,118.0
1481562512819088408,0.0,117.93
1481562535888888097,0.0,118.0
1481562609749590657,0.0,117.94
1481562609749674270,0.0,118.0
1481562670361714629,117.95,118.0
1481562670365919646,0.0,118.0
1481562866167677822,117.83,118.0
1481562914306967322,0.0,118.0
1481562947318945084,0.0,118.0
1481562948755039615,0.0,117.94
1481562956142580435,0.0,117.95
1481562968077128630,0.0,118.0
1481563015618102504,117.91,118.0
1481563056125800348,117.93,118.0
1481563056311104368,117.91,118.0
1481563065841973464,117.91,117.97
1481563066699424708,0.0,117.97
1481563070858735576,0.0,118.0
1481563073475620655,0.0,117.93
1481563087527807361,0.0,118.0
1481563120967990912,117.89,118.0
1481563123361144161,0.0,118.0
1481563157720590358,117.92,118.0
1481563157770838572,0.0,118.0
1481563173896667689,117.9,118.0
1481563174496769511,0.0,118.0
1481563211005842024,117.91,118.0
1481563212846711264,117.91,124.0
1481563212856380659,0.0,124.0
1481563212863820421,0.0,117.92
1481563212865310368,0.0,124.0
1481563212869332251,0.0,117.92
1481563213056267825,0.0,117.91
1481563213063262848,0.0,117.9
1481563280848179243,0.0,117.9
1481563283068249554,0.0,117.9
1481563297646572932,0.0,124.0
1481563306723024952,117.89,124.0
1481563307745987937,0.0,124.0
1481563317748529646,117.89,124.0
1481563322747124328,0.0,124.0
1481563339248047658,117.89,124.0
1481563342805379957,0.0,124.0
1481563342811156334,117.89,124.0
1481563342812374568,117.89,124.0
1481563342832527512,117.89,124.0
1481563342832931147,0.0,124.0
1481563342840109727,117.89,124.0
1481563343231544958,0.0,124.0
1481563343234836382,117.89,124.0
1481563343238141587,117.89,124.0
1481563345904560288,117.89,124.0
1481563350143344404,0.0,124.0
1481563350150153308,117.89,124.0
1481563357113950610,0.0,124.0
1481563357189268471,117.9,124.0
1481563357190484824,0.0,124.0
1481563357249846392,117.9,124.0
1481563360598430514,0.0,124.0
1481563360913067244,117.9,124.0
1481563360929564155,0.0,124.0
1481563362746290096,117.91,124.0
1481563367760011238,0.0,124.0
1481563373481628158,0.0,118.0
1481563379404249221,116.4,118.0
1481563382756006604,116.4,118.0
1481563395893522306,117.94,118.0
1481563397374301762,116.4,118.0
1481563444904022348,116.4,118.0
1481563445047153015,116.4,118.0
1481563498265835682,116.4,117.97
1481563501299749348,116.4,118.0
1481563652716703545,116.4,117.98
1481563652717858322,116.4,118.0
1481563674912254848,116.4,118.0
1481563792518576361,116.4,124.0
1481563797759496669,117.99,124.0
1481563800075762809,116.4,124.0
1481563802759364420,117.99,124.0
1481563816029204547,116.4,124.0
1481563816044683729,118.0,124.0
1481563816095428023,116.4,124.0
1481563816411775107,117.99,124.0
1481563822856511555,116.4,124.0
1481563859223702160,118.04,124.0
1481563859226173069,116.4,124.0
1481563880211661595,118.05,124.0
1481563885744691284,116.4,124.0
1481563901008798010,118.03,124.0
1481563904917453604,116.4,124.0
1481563907495915000,116.4,118.05
1481563907496061256,116.4,124.0
1481563933383148448,116.4,118.05
1481563933410849341,116.4,124.0
1481563994678763865,118.02,124.0
1481564004629959396,116.4,124.0
1481564019644334571,118.06,124.0
1481564020927153324,116.4,124.0
1481564066214724669,118.11,124.0
1481564075600607098,116.4,124.0
1481564101318872900,118.12,124.0
1481564104127988193,116.4,124.0
1481564104134495390,118.12,124.0
1481564104191064124,116.4,124.0
1481564104553466603,118.12,124.0
1481564104570778327,116.4,124.0
1481564106332411634,118.13,124.0
1481564107662504401,116.4,124.0
1481564107969733627,118.13,124.0
1481564110574554091,116.4,124.0
1481564110786231709,118.13,124.0
1481564110787259731,118.14,124.0
1481564110788352683,116.4,124.0
1481564110794053736,118.14,124.0
1481564110796594360,116.4,124.0
1481564110801124125,118.14,124.0
1481564115070727090,116.4,124.0
1481564115079543409,118.14,124.0
1481564115171773520,116.4,124.0
1481564224418195134,116.4,118.15
1481564228135533150,116.4,118.15
1481564247999618503,116.4,118.15
1481564253234879422,116.4,124.0
1481564257695763767,118.14,124.0
1481564267206072443,116.4,124.0
1481564344266607097,118.11,124.0
1481564344268833610,116.4,124.0
1481564377691856690,118.12,124.0
1481564379419809885,116.4,124.0
1481564490903201191,118.04,124.0
1481564501896903564,116.4,124.0
1481564504226463985,116.4,118.1
1481564514611254034,118.07,118.1
1481564515378286837,116.4,118.1
1481564517776613671,118.08,118.1
1481564522779284537,116.4,118.1
1481564524027115807,118.09,118.1
1481564525116256924,116.4,118.1
1481564527105521666,116.4,118.1
1481564543367625397,118.08,118.1
1481564544381658747,116.4,118.1
1481564562967909329,118.07,118.1
1481564564656029288,116.4,118.1
1481564564669226717,118.09,118.1
1481564569206669305,118.09,118.1
1481564569481088019,118.09,118.1
1481564569481267534,118.09,118.1
1481564569481277396,116.4,118.1
1481564569501885001,118.08,118.1
1481564569953649740,116.4,118.1
1481564569969111996,118.09,118.1
1481564569969196560,116.4,118.1
1481564586171719904,116.4,118.1
1481564586197106042,116.4,124.0
1481564665033302611,118.09,124.0
1481564667959353092,116.4,124.0
1481564672698615710,118.07,124.0
1481564674513532005,116.4,124.0
1481564719439822915,118.06,124.0
1481564719634452114,116.4,124.0
1481564763671649678,116.4,118.07
1481564763905278626,116.4,124.0
1481564766046101765,118.02,124.0
1481564784487529712,118.07,124.0
1481564793531727679,118.02,124.0
1481564794158952472,116.4,124.0
1481564814345409077,116.4,118.1
1481564837306384479,118.09,118.1
1481564848434725953,116.4,118.1
1481564852517227579,116.4,124.0
1481564858714103590,118.08,124.0
1481564870755745514,116.4,124.0
1481564877764817090,118.09,124.0
1481564877950222682,116.4,124.0
1481564920936513896,118.09,124.0
1481564926043350619,116.4,124.0
1481564926148967505,118.11,124.0
1481564932898402126,116.4,124.0
1481564932917349930,118.11,124.0
1481564933613336761,116.4,124.0
1481564934026525651,118.13,124.0
1481564935190882270,118.13,124.0
1481564935195592921,118.13,124.0
1481564935211498052,118.13,124.0
1481564935216137801,118.13,124.0
1481564935412041753,116.4,124.0
1481564936498219880,118.14,124.0
1481564936501442432,116.4,124.0
1481564937435605023,118.15,124.0
1481564937435695517,116.4,124.0
1481564938995581223,118.15,124.0
1481564940054353830,116.4,124.0
1481564940074953969,118.16,124.0
1481564940079183809,116.4,124.0
1481564940104781262,116.4,124.0
1481564942388486087,118.16,124.0
1481564942460218929,116.4,124.0
1481565023394834636,116.4,118.15
1481565044448673192,116.4,124.0
1481565048029615452,118.08,124.0
1481565052032538213,118.09,124.0
1481565052618492189,118.1,124.0
1481565057556244717,116.4,124.0
1481565067671407208,116.4,118.17
1481565081125407785,116.4,124.0
1481565091684461594,116.4,118.12
1481565092003285932,116.4,124.0
1481565166954503196,118.05,124.0
1481565167807568815,116.4,124.0
1481565169701217373,116.4,118.08
1481565174109855939,116.4,124.0
1481565174154284150,116.4,118.06
1481565184023616946,116.4,124.0
1481565184028580872,118.05,124.0
1481565184036322818,116.4,124.0
1481565184041198409,118.06,124.0
1481565184044536379,116.4,124.0
1481565200875457129,118.06,124.0
1481565200891901607,116.4,124.0
1481565257248437864,116.4,118.1
1481565281043163856,118.07,118.1
1481565281047193031,116.4,118.1
1481565284895080780,118.06,118.1
1481565284897841824,116.4,118.1
1481565294770577238,118.07,118.1
1481565299032215479,116.4,118.1
1481565299083423796,118.08,118.1
1481565300320645919,116.4,118.1
1481565300700100472,118.08,118.1
1481565302171659103,116.4,118.1
1481565321415511264,118.08,118.1
1481565322210813349,116.4,118.1
1481565322225142779,118.09,118.1
1481565322499123629,118.09,118.1
1481565322499241687,118.09,118.1
1481565322499274553,118.09,124.0
1481565323427779694,116.4,124.0
1481565449984779985,118.07,124.0
1481565450346108141,118.07,118.09
1481565451783057338,116.4,118.09
1481565451783386361,116.4,124.0
1481565640759322125,118.08,124.0
1481565640846438702,118.08,124.0
1481565641225344634,118.08,124.0
1481565642474830588,116.4,124.0
1481565650362519357,118.14,124.0
1481565650407127834,118.14,124.0
1481565651785313036,118.14,124.0
1481565651803659069,116.4,124.0
1481565651821347428,118.15,124.0
1481565654870883971,118.17,124.0
1481565654871269794,118.17,124.0
1481565657382566307,118.15,124.0
1481565657388903927,116.4,124.0
1481565657406984133,118.15,124.0
1481565658683018972,116.4,124.0
1481565659631308023,118.18,124.0
1481565662095243911,116.4,124.0
1481565662528373228,116.4,118.19
1481565662604762011,116.4,118.18
1481565662618975419,116.4,124.0
1481565665304052483,116.4,118.16
1481565665331872907,116.4,124.0
1481565722600748613,118.05,124.0
1481565731039356228,118.05,118.08
1481565731850083612,118.05,124.0
1481565750012525614,118.05,118.08
1481565750012546204,118.05,124.0
1481565753695369614,116.4,124.0
1481565759958307195,118.06,124.0
1481565767791690763,118.07,124.0
1481565768370973408,118.06,124.0
1481565768374081636,116.4,124.0
1481565794038105077,116.4,118.08
1481565794049050756,116.4,124.0
1481565854704646482,118.06,124.0
1481565854737799162,116.4,124.0
1481565856075616852,118.07,124.0
1481565856079741136,116.4,124.0
1481565869089923571,118.06,124.0
1481565869107744080,118.07,124.0
1481565873698364324,116.4,124.0
1481565874003637205,118.06,124.0
1481565875614723336,116.4,124.0
1481565881920038557,118.05,124.0
1481565881921270006,116.4,124.0
1481565881922691281,118.05,124.0
1481565881952117104,116.4,124.0
1481565881953620163,118.05,124.0
1481565883480212364,116.4,124.0
1481565937614546234,116.4,118.09
1481565937795727638,116.4,124.0
1481565938094879653,116.4,118.09
1481565939703266774,116.4,124.0
1481565983454206540,116.4,118.06
1481565983454226591,116.4,124.0
1481566001183245500,118.04,124.0
1481566004028243452,116.4,124.0
1481566004044371644,118.05,124.0
1481566004048406476,116.4,124.0
1481566004873053477,118.06,124.0
1481566004873136953,118.06,124.0
1481566005801405574,116.4,124.0
1481566009794431541,116.4,118.1
1481566012975757517,118.06,118.1
1481566014640620084,116.4,118.1
1481566015161005519,118.07,118.1
1481566022767042709,116.4,118.1
1481566034588075795,116.4,124.0
1481566034603618629,116.4,118.07
1481566092957942486,118.06,118.07
1481566099190555515,116.4,118.07
1481566126420884733,116.4,118.07
1481566126422186682,116.4,118.07
1481566127061451534,116.4,124.0
1481566138268608110,116.4,118.06
1481566139854079203,116.4,124.0
1481566142547705380,117.98,124.0
1481566153053613846,118.05,124.0
1481566191501898497,116.4,124.0
1481566225254447179,118.04,124.0
1481566232936841769,116.4,124.0
1481566265046861545,116.4,118.05
1481566312193176419,117.95,118.05
1481566316208833206,117.98,118.05
1481566320225536881,116.4,118.05
1481566366204729791,118.03,118.05
1481566377281337480,118.03,118.05
1481566377934881467,118.0,118.05
1481566377950300354,118.03,118.05
1481566377954058436,118.03,118.04
1481566377955632573,118.0,118.04
1481566377968286882,118.0,118.05
1481566377970791645,118.03,118.05
1481566377979634124,118.0,118.05
1481566378027737525,118.03,118.05
1481566378224092725,118.0,118.05
1481566386276483494,118.02,118.05
1481566390037096094,118.0,118.05
1481566391419194799,118.03,118.05
1481566391424869505,118.0,118.05
1481566400317150136,118.02,118.05
1481566400317359726,118.0,118.05
1481566400318404552,118.02,118.05
1481566401451950838,118.0,118.05
1481566426422793161,118.03,118.05
1481566435534507889,118.0,118.05
1481566450442851669,116.4,118.05
1481566454445010704,116.4,118.05
1481566454445533417,116.4,124.0
1481566457798468114,118.04,124.0
1481566460077554864,116.4,124.0
1481566467526793332,118.04,124.0
1481566467543680392,116.4,124.0
1481566523962263763,116.4,118.05
1481566523962355647,116.4,124.0
1481566527954538408,116.4,118.04
1481566527954621216,116.4,124.0
1481566540222259020,118.04,124.0
1481566564588323964,116.4,124.0
1481566598666184022,118.04,124.0
1481566607078053841,116.4,124.0
1481566673109570865,118.04,124.0
1481566673267725414,116.4,124.0
1481566679525010606,118.04,124.0
1481566680093419803,116.4,124.0
1481566684049300593,118.04,124.0
1481566684049321001,116.4,124.0
1481566684056441670,118.05,124.0
1481566685491715044,116.4,124.0
1481566687266008318,116.4,118.1
1481566687266498562,116.4,124.0
1481566687292749741,118.09,124.0
1481566692585526512,118.1,124.0
1481566694608989712,116.4,124.0
1481566721516384766,118.08,124.0
1481566722165458369,118.08,124.0
1481566722169191855,118.08,124.0
1481566722186127848,118.08,124.0
1481566722443958106,118.08,124.0
1481566724188756645,116.4,124.0
1481566724202653061,118.09,124.0
1481566730538744300,116.4,124.0
1481566730555948039,118.1,124.0
1481566735352254442,116.4,124.0
1481566738579180158,118.11,124.0
1481566738582850480,116.4,124.0
1481566738596286701,118.11,124.0
1481566743500502054,116.4,124.0
1481566743515452729,118.12,124.0
1481566744210350134,116.4,124.0
1481566744226247878,118.13,124.0
1481566745386276545,116.4,124.0
1481566745405095686,118.14,124.0
1481566745409932117,116.4,124.0
1481566745423614658,118.14,124.0
1481566745526541606,116.4,124.0
1481566745543454688,118.14,124.0
1481566745705519799,116.4,124.0
1481566747560701130,118.14,124.0
1481566747560805627,116.4,124.0
1481566747598850312,118.14,124.0
1481566747602582605,116.4,124.0
1481566747617705192,118.14,124.0
1481566747621842401,116.4,124.0
1481566751396159604,118.14,124.0
1481566751400743608,116.4,124.0
1481566751418731431,118.14,124.0
1481566751422885148,116.4,124.0
1481566753050812796,118.13,124.0
1481566755108149202,116.4,124.0
1481566767736578565,118.14,124.0
1481566771681255956,116.4,124.0
1481566771681664379,116.4,118.15
1481566771681687723,116.4,124.0
1481566832278748384,116.4,118.11
1481566832278773519,116.4,124.0
1481566832803880974,116.4,118.11
1481566836006954535,116.4,124.0
1481566836644874782,116.4,118.1
1481566837808244519,116.4,124.0
1481566863922308470,116.4,118.09
1481566865079406628,116.4,124.0
1481566895716757830,118.09,124.0
1481566895717717419,118.1,124.0
1481566895720986193,116.4,118.1
1481566916474005708,116.4,124.0
1481566925720994727,116.4,118.1
1481566925736672249,116.4,124.0
1481566958751988136,118.09,124.0
1481566970996989725,116.4,124.0
1481566976438987788,118.08,124.0
1481566986980521135,116.4,124.0
1481567009508125253,118.07,124.0
1481567010075102902,116.4,124.0
1481567044834224391,118.07,124.0
1481567045114123599,118.07,118.1
1481567047806399856,116.4,118.1
1481567057811065247,118.07,118.1
1481567059990785979,116.4,118.1
1481567063594669635,118.08,118.1
1481567065551756048,116.4,118.1
1481567089592188576,118.08,118.1
1481567094484520836,118.09,118.1
1481567102347371692,118.09,118.1
1481567105068226193,118.09,118.1
1481567105619662407,118.09,124.0
1481567164334886329,116.4,124.0
1481567164353554480,118.08,124.0
1481567166400432701,116.4,124.0
1481567166418133001,118.09,124.0
1481567174122645564,116.4,124.0
1481567174514926644,118.1,124.0
1481567174519199902,116.4,124.0
1481567174536549393,118.1,124.0
1481567174582615203,116.4,124.0
1481567177585456091,118.12,124.0
1481567180549966952,118.07,124.0
1481567219407548783,116.4,124.0
1481567220264090540,118.08,124.0
1481567242316889648,116.4,124.0
1481567285298844411,118.16,124.0
1481567306646298102,118.16,118.2
1481567310289872397,118.12,118.2
1481567310715749400,118.12,118.19
1481567313211047376,116.4,118.19
1481567313735220791,116.4,118.2
1481567344873177508,118.12,118.2
1481567346254563942,116.4,118.2
1481567361457632072,118.08,118.2
1481567408456541956,116.4,118.2
1481567441127614328,118.1,118.2
1481567450786045381,116.4,118.2
1481567450804269177,118.11,118.2
1481567450808957678,116.4,118.2
1481567452171415074,118.11,118.2
1481567452175349970,116.4,118.2
1481567452188458542,118.11,118.2
1481567463508584566,118.07,118.2
1481567463524637614,118.12,118.2
1481567463524740820,118.07,118.2
1481567463549144374,118.12,118.2
1481567463553614579,118.07,118.2
1481567471706078743,118.12,118.2
1481567487367284829,118.07,118.2
1481567508427228975,118.07,118.17
1481567518381086705,118.07,118.12
1481567534493507494,118.07,118.17
1481567566901547078,118.07,118.17
1481567579046995866,118.07,118.12
1481567584466307261,118.07,118.17
1481567584628423795,118.07,118.2
1481567584949914675,118.07,118.2
1481567585602028051,116.4,118.2
1481567593576595599,116.4,118.08
1481567610845431830,116.4,118.2
1481567637847809722,116.4,118.07
1481567641515917970,116.4,118.1
1481567644294508838,116.4,118.03
1481567644313996171,116.4,118.1
1481567657573664881,116.4,124.0
1481567657582204271,116.4,118.05
1481567710305945134,116.4,118.05
1481567710912376704,116.4,118.05
1481567711743225915,116.4,124.0
1481567719281876857,118.04,124.0
1481567719281897665,116.4,124.0
1481567762459212887,118.04,124.0
1481567774984653182,118.04,118.07
1481567784857460125,118.04,118.05
1481567791725071100,118.04,118.07
1481567794027180637,116.4,118.07
1481567802826048523,118.04,118.07
1481567806226640196,116.4,118.07
1481567822846685750,118.04,118.07
1481567823372073411,116.4,118.07
1481567823385221041,118.03,118.07
1481567823398922952,116.4,118.07
1481567825360582942,116.4,118.04
1481567825360652900,116.4,118.07
1481567836036212187,118.03,118.07
1481567836039897391,116.4,118.07
1481567861410421237,116.4,124.0
1481568010870028247,116.4,118.1
1481568033542541207,116.4,118.05
1481568049158707301,116.4,118.1
1481568059025749274,116.4,118.05
1481568059508119960,116.4,118.1
1481568063020940671,116.4,124.0
1481568067070271161,118.04,124.0
1481568087497076302,116.4,124.0
1481568129140388833,116.4,118.08
1481568129708824995,116.4,124.0
1481568144956857367,116.4,118.09
1481568144956894922,116.4,124.0
1481568154374259146,116.4,118.1
1481568157828419138,116.4,124.0
1481568163236736762,118.09,124.0
1481568165884271884,116.4,124.0
1481568165903982992,118.1,124.0
1481568171306598298,116.4,124.0
1481568171323163738,118.11,124.0
1481568173469297020,116.4,124.0
1481568173473594191,116.4,118.12
1481568173723497598,116.4,124.0
1481568173981173370,118.11,124.0
1481568178435284905,116.4,124.0
1481568178455397875,118.1,124.0
1481568179432881717,116.4,124.0
1481568179453466262,118.11,124.0
1481568185517901962,118.11,124.0
1481568185517927183,116.4,124.0
1481568207938131210,118.12,124.0
1481568210320365004,118.13,124.0
1481568210328768319,118.12,124.0
1481568233849933042,116.4,124.0
1481568257548623571,116.4,118.14
1481568257549856335,116.4,124.0
1481568267014303976,116.4,118.16
1481568267014401835,118.05,118.16
1481568274030179915,118.05,124.0
1481568284684918124,118.09,124.0
1481568290107896088,118.1,124.0
1481568298054600257,118.09,124.0
1481568298074462426,118.11,124.0
1481568298076727362,118.09,124.0
1481568298346596081,118.05,124.0
1481568298389498634,118.11,124.0
1481568304378353802,116.4,124.0
1481568304420677052,118.1,124.0
1481568307462272655,116.4,124.0
1481568317851646724,118.12,124.0
1481568319745765532,116.4,124.0
1481568342659538843,116.4,124.0
1481568355086163963,118.06,124.0
1481568384266126907,118.11,124.0
1481568384267217449,118.06,124.0
1481568386566685312,118.1,124.0
1481568387831278456,118.06,124.0
1481568405068635628,116.4,124.0
1481568408399993088,118.07,124.0
1481568409216419600,116.4,124.0
1481568417113498409,116.4,118.06
1481568417126100448,116.4,124.0
1481568420013916412,118.06,124.0
1481568421033541072,116.4,124.0
1481568470127351537,116.4,118.05
1481568471087593862,116.4,118.05
1481568474267061262,116.4,118.04
1481568486701373069,116.4,118.05
1481568527150363932,118.03,118.05
1481568527177336950,116.4,118.05
1481568528400632024,118.02,118.05
1481568528409249125,116.4,118.05
1481568528428530646,118.02,118.05
1481568530032820544,116.4,118.05
1481568540468140438,118.01,118.05
1481568541679034639,118.01,118.05
1481568541686385035,118.01,118.05
1481568541686931416,116.4,118.05
1481568652332706091,116.4,117.96
1481568652349247966,116.4,118.05
1481568652455419735,117.94,118.05
1481568655251158410,116.4,118.05
1481568657457156536,116.4,118.03
1481568679522638596,116.4,118.05
1481568748935936329,116.4,118.0
1481568749167521463,116.4,118.05
1481568855297320207,116.4,118.05
1481568886577634228,118.02,118.05
1481568891438227710,116.4,118.05
1481568894238786007,118.01,118.05
1481568894243348744,116.4,118.05
1481568894259437680,118.0,118.05
1481568894759619915,116.4,118.05
1481568900529488763,118.0,118.05
1481568905502964003,116.4,118.05
1481568907849922381,116.4,118.01
1481568908904861016,116.4,118.05
1481568909139341228,116.4,118.0
1481568909143510207,116.4,118.05
1481568909146735206,117.99,118.05
1481568909151597219,116.4,118.05
1481568911755182046,117.96,118.05
1481568911758882445,116.4,118.05
1481568911773248042,117.96,118.05
1481568911777371274,116.4,118.05
1481568911794628807,117.96,118.05
1481568913228255948,116.4,118.05
1481568913229014573,116.4,118.02
1481568930537042396,117.97,118.02
1481568931588968597,116.4,118.02
1481568931596065484,117.96,118.02
1481568931702229719,116.4,118.02
1481568937194304088,116.4,118.0
1481568955411835549,117.95,118.0
1481568955627063486,116.4,118.0
1481568961765370404,116.4,117.97
1481568978506787162,117.96,117.97
1481568982126694120,117.96,118.02
1481568982844077110,116.4,118.02
1481568987772101161,116.4,118.0
1481569002480436565,117.97,118.0
1481569007457002841,116.4,118.0
1481569007459839036,117.99,118.0
1481569011420200338,117.99,118.0
1481569012226304870,116.4,118.0
1481569013541709801,116.4,118.02
1481569014072420182,117.98,118.02
1481569014088294365,116.4,118.02
1481569014446404121,116.4,118.0
1481569014541453748,116.4,124.0
1481569052837195891,117.98,124.0
1481569057832232530,116.4,124.0
1481569075254931133,117.96,124.0
1481569075259506480,116.4,124.0
1481569082603832334,117.97,124.0
1481569082604944826,116.4,124.0
1481569082608431820,117.96,124.0
1481569082844699671,116.4,124.0
1481569156712640591,117.96,124.0
1481569156713719299,116.4,124.0
1481569164879795136,116.4,117.98
1481569165225313878,116.4,124.0
1481569165284875733,117.97,124.0
1481569170227211540,116.4,124.0
1481569205284853120,117.83,124.0
1481569206853761386,117.83,117.99
1481569246518136463,117.92,117.99
1481569250076341743,117.83,117.99
1481569257923885577,117.94,117.99
1481569259947585188,117.83,117.99
1481569290057309160,117.83,124.0
1481569321085719253,117.99,124.0
1481569340227126900,117.83,124.0
1481569357132212998,116.4,124.0
1481569357173824956,117.82,124.0
1481569456137812775,117.82,117.98
1481569457849117027,117.82,124.0
1481569467857183145,117.82,117.96
1481569472853306692,117.82,124.0
1481569508489843239,116.4,124.0
1481569508532978072,117.76,124.0
1481569517850144016,117.76,117.89
1481569518848203970,117.76,124.0
1481569547404295953,117.88,124.0
1481569547616845917,117.76,124.0
1481569558749392266,117.8,124.0
1481569559228590788,117.76,124.0
1481569581444553628,117.81,124.0
1481569581795104986,117.76,124.0
1481569581804908849,117.82,124.0
1481569581808754336,117.76,124.0
1481569581811278789,117.83,124.0
1481569581813659179,117.76,124.0
1481569624229252697,117.76,117.85
1481569624229274973,117.76,124.0
1481569660004148392,116.4,124.0
1481569673201869262,116.4,117.81
1481569673202321307,116.4,124.0
1481569674977655551,116.4,117.82
1481569683006291070,116.4,124.0
1481569694254547708,116.4,117.77
1481569695492235724,116.4,124.0
1481569711965519662,117.77,124.0
1481569714309159526,116.4,124.0
1481569714315088779,116.4,117.8
1481569714985295874,116.4,124.0
1481569728681821978,116.4,117.8
1481569729009809268,116.4,124.0
1481569760361933484,117.86,124.0
1481569768749147154,116.4,124.0
1481569777228594072,116.4,117.86
1481569778575552651,116.4,124.0
1481569802412469697,116.4,117.9
1481569812016691263,117.66,117.9
1481569819227384485,116.4,117.9
1481569841767991020,117.86,117.9
1481569856873442900,116.4,117.9
1481569858475877726,116.4,124.0
1481569871464909720,116.4,117.9
1481569872560669214,116.4,124.0
1481569879001544709,117.89,124.0
1481569880231085008,116.4,124.0
1481569883977594039,117.91,124.0
1481569885593177886,116.4,124.0
1481569924050026882,117.94,124.0
1481569925227373288,116.4,124.0
1481569930358875160,116.4,117.95
1481569962013001599,116.4,124.0
1481569963409451981,116.4,117.95
1481569970084699869,116.4,124.0
1481569970947148326,116.4,117.95
1481569970948273707,116.4,117.95
1481569970948340456,116.4,117.95
1481569973465475329,117.91,117.95
1481569976058773520,117.91,124.0
1481569976195909989,117.92,124.0
1481569977652432880,117.91,124.0
1481569978478237454,116.4,124.0
1481570002410923062,116.4,117.95
1481570019478276837,116.4,124.0
1481570058879838700,117.91,124.0
1481570059735584319,116.4,124.0
1481570074183878978,116.4,117.94
1481570076700563872,116.4,117.92
1481570076944649817,116.4,124.0
1481570100234797946,116.4,117.86
1481570100234843183,116.4,117.86
1481570114934621446,116.4,124.0
1481570114943301059,116.4,117.88
1481570114956137851,116.4,117.87
1481570116945972146,116.4,124.0
1481570139030059030,117.84,124.0
1481570143044317486,116.4,124.0
1481570167551653296,116.4,117.89
1481570180585192225,116.4,124.0
1481570206466565682,117.88,124.0
1481570211058432693,117.88,117.89
1481570221518923893,117.88,124.0
1481570224514110401,117.88,117.95
1481570236441107749,116.4,117.95
1481570244579031527,116.4,124.0
1481570291432283250,116.4,117.95
1481570291856162805,116.4,124.0
1481570309169598396,116.4,117.98
1481570316184680607,116.4,124.0
1481570368364942528,117.96,124.0
1481570369408525085,116.4,124.0
1481570372660075037,117.96,124.0
1481570373062042633,116.4,124.0
1481570376261473489,116.4,118.0
1481570436179909099,116.4,117.92
1481570437308103604,116.4,117.91
1481570440186554807,116.4,117.92
1481570489963767325,116.4,117.92
1481570511686105680,116.4,118.0
1481570558660985715,117.88,118.0
1481570562332673183,116.4,118.0
1481570574125441049,116.4,117.87
1481570577809135593,116.4,117.92
1481570607871574161,117.86,117.92
1481570609227229268,116.4,117.92
1481570619101867913,117.87,117.92
1481570622026807888,116.4,117.92
1481570625859768093,116.4,117.91
1481570626244213066,116.4,117.92
1481570627689160705,116.4,118.0
1481570699230525761,117.87,118.0
1481570700195513488,116.4,118.0
1481570743239549244,116.4,117.83
1481570744529548436,116.4,118.0
1481570877229679107,116.4,117.81
1481570887944501064,116.4,118.0
1481570938180708518,117.75,118.0
1481570938212623131,116.4,118.0
1481570971791898161,116.4,117.78
1481570980876192975,117.72,117.78
1481570981435468120,116.4,117.78
1481570991849494652,116.4,118.0
1481571003068340137,117.76,118.0
1481571010130641089,116.4,118.0
1481571012204436778,117.78,118.0
1481571023243441036,116.4,118.0
1481571028258433236,116.4,117.81
1481571032083519905,117.79,117.81
1481571037226819376,116.4,117.81
1481571037238277816,116.4,117.85
1481571037241041682,116.4,117.78
1481571037252694450,116.4,117.85
1481571037284515520,117.78,117.85
1481571039545740144,117.78,117.81
1481571040376937244,116.4,117.81
1481571048575092386,116.4,118.0
1481571059579778144,116.4,117.79
1481571064591424784,116.4,118.0
1481571086058604902,117.82,118.0
1481571089272095971,116.4,118.0
1481571098272505782,116.4,117.82
1481571098276654633,116.4,118.0
1481571107240178054,116.4,117.84
1481571107251244617,116.4,118.0
1481571109238946096,116.4,117.84
1481571109470769615,116.4,118.0
1481571116153811356,116.4,117.9
1481571116825783220,116.4,117.86
1481571170571086865,116.4,117.83
1481571172565438583,116.4,118.0
1481571178012286824,117.83,118.0
1481571184578631304,116.4,118.0
1481571185280626436,116.4,117.84
1481571185343548706,116.4,118.0
1481571185366717713,117.81,118.0
1481571193691643300,116.4,118.0
1481571194778941835,117.81,118.0
1481571196267830445,116.4,118.0
1481571197877878632,117.82,118.0
1481571198228175217,116.4,118.0
1481571206518874327,117.8,118.0
1481571216548412694,116.4,118.0
1481571254703666051,116.4,117.88
1481571256262211719,116.4,118.0
1481571284222364479,116.4,117.84
1481571291547501735,116.4,118.0
1481571291919125869,116.4,117.84
1481571294386985563,117.81,117.84
1481571297154702558,116.4,117.84
1481571301770949409,116.4,118.0
1481571303742193423,117.74,118.0
1481571343714337974,117.74,117.8
1481571345552378310,117.74,118.0
1481571390628011021,117.78,118.0
1481571391747954924,117.74,118.0
1481571405584289052,117.79,118.0
1481571405586574002,117.81,118.0
1481571410745790800,116.4,118.0
1481571429975130456,116.4,117.83
1481571434896936491,116.4,118.0
1481571474309872252,117.81,118.0
1481571495611121329,116.4,118.0
1481571570283417083,117.78,118.0
1481571573887860646,117.78,117.85
1481571576147473381,117.78,117.84
1481571580410794764,117.78,118.0
1481571582932851592,116.4,118.0
1481571587329885681,117.84,118.0
1481571595710214426,117.84,117.85
1481571595711582232,116.4,117.85
1481571595717507764,116.4,118.0
1481571616020557450,117.84,118.0
1481571616508668710,116.4,118.0
1481571633540403621,116.4,117.83
1481571634507763828,116.4,118.0
1481571712297459332,117.81,118.0
1481571724527205361,116.4,118.0
1481571787473497248,117.89,118.0
1481571787613457596,117.9,118.0
1481571788667156417,117.91,118.0
1481571795083523246,117.9,118.0
1481571797255458972,116.4,118.0
1481571820237635258,117.91,118.0
1481571820239702738,116.4,118.0
1481571824760946123,117.91,118.0
1481571825270615601,116.4,118.0
1481571825294776960,117.91,118.0
1481571825298313960,116.4,118.0
1481571827263249013,117.91,118.0
1481571828283033604,116.4,118.0
1481571828284143026,117.92,118.0
1481571828556981915,116.4,118.0
1481571865344875092,117.93,118.0
1481571895802990989,116.4,118.0
1481571895804296656,116.4,117.95
1481571916661708532,116.4,118.0
1481571932465933628,117.97,118.0
1481571942641661624,117.97,117.98
1481571943525976953,117.98,118.0
1481571945140777131,116.4,118.0
1481571964391898823,116.4,117.97
1481571964606843158,116.4,118.0
1481571984425367725,117.96,118.0
1481571986391731453,116.4,118.0
1481571991349259860,117.98,118.0
1481571992610977203,116.4,118.0
1481571992630773674,117.99,118.0
1481571992633275913,116.4,118.0
1481571997889133766,117.99,118.0
1481572000228028278,116.4,118.0
1481572002890220197,117.99,118.0
1481572003928115109,116.4,118.0
1481572027771463457,117.94,118.0
1481572030798955920,117.94,118.0
1481572030801243806,116.4,118.0
1481572043347676343,116.4,117.96
1481572062156899027,116.4,118.0
1481572113862991573,116.4,117.95
1481572158380382281,116.4,118.0
1481572160307174413,117.97,118.0
1481572160313361970,116.4,118.0
1481572160340947211,117.96,118.0
1481572161449876379,116.4,118.0
1481572161452037579,117.96,118.0
1481572161560512162,116.4,118.0
1481572169873671000,117.95,118.0
1481572170066292315,117.96,118.0
1481572170242192093,117.96,117.97
1481572170560855675,116.4,117.97
1481572173227660840,116.4,118.0
1481572174230744693,117.97,118.0
1481572175976652271,116.4,118.0
1481572176404400509,117.97,118.0
1481572177616773047,116.4,118.0
1481572177620648440,117.98,118.0
1481572178761513278,116.4,118.0
1481572199145723636,116.4,117.99
1481572199740730483,116.4,118.0
1481572200878277811,117.93,118.0
1481572214916560010,117.93,117.95
1481572216928494531,116.4,117.95
1481572220833021196,116.4,118.0
1481572221128316060,116.4,117.94
1481572242393316371,116.4,118.0
1481572266039953320,117.92,118.0
1481572266262170755,116.4,118.0
1481572268609154741,117.93,118.0
1481572270377549495,116.4,118.0
1481572274660087593,116.4,117.97
1481572276063972326,116.4,118.0
1481572286652399743,116.4,118.0
1481572300115203536,117.96,118.0
1481572301562147806,116.4,118.0
1481572348179620026,117.99,118.0
1481572349749624510,116.4,118.0
1481572349759102428,117.98,118.0
1481572370745458930,117.99,118.0
1481572370747394428,117.99,118.0
1481572371388109238,117.98,118.0
1481572381560780877,116.4,118.0
1481572402582041181,117.94,118.0
1481572427914370218,117.94,117.95
1481572428013871682,117.94,118.0
1481572428018638015,116.4,118.0
1481572447776916228,116.4,117.93
1481572447777138454,116.4,117.93
1481572473570647203,116.4,117.93
1481572473570694268,116.4,118.0
1481572475568582686,116.4,117.91
1481572482068463212,116.4,118.0
1481572482091716262,116.4,117.92
1481572482092645162,116.4,118.0
1481572491068758906,117.92,118.0
1481572495317856275,117.94,118.0
1481572495434118510,117.92,118.0
1481572495440066965,117.96,118.0
1481572498020765772,116.4,118.0
1481572502211035105,117.97,118.0
1481572504030669336,116.4,118.0
1481572510525909464,117.96,118.0
1481572510528768551,116.4,118.0
1481572551617176431,117.95,118.0
1481572551619452495,116.4,118.0
1481572551661307630,117.95,118.0
1481572560199277816,116.4,118.0
1481572566556940111,117.9,118.0
1481572579116769659,117.9,117.94
1481572580504224427,117.9,118.0
1481572613445655121,117.9,117.97
1481572618110344022,117.9,118.0
1481572630049944048,117.93,118.0
1481572630562012141,117.9,118.0
1481572639032713837,117.93,118.0
1481572639052692305,117.9,118.0
1481572646415997838,117.92,118.0
1481572646788470967,117.9,118.0
1481572648885829087,116.4,118.0
1481572650480224784,116.4,117.96
1481572651392876957,117.9,117.96
1481572654235351087,116.4,117.96
1481572654282968254,117.91,117.96
1481572655835928789,116.4,117.96
1481572655840062432,117.91,117.96
1481572656560387615,116.4,117.96
1481572669689846660,116.4,118.0
1481572766228561894,117.97,118.0
1481572766584065634,116.4,118.0
1481572881797548079,117.95,118.0
1481572882914570931,116.4,118.0
1481572898490065592,117.94,118.0
1481572902902488954,116.4,118.0
1481572922911828037,117.94,118.0
1481572925294490210,116.4,118.0
1481572938607958376,116.4,117.93
1481572941231062251,116.4,118.0
1481573111983429186,117.97,118.0
1481573117561788326,116.4,118.0
1481573121996016409,116.4,117.99
1481573139922783386,116.4,118.0
1481573139927208341,116.4,117.97
1481573146020644498,117.91,117.97
1481573147084063504,117.92,117.97
1481573156877320999,116.4,117.97
1481573159389055672,116.4,118.0
1481573188982859370,117.94,118.0
1481573189320673263,116.4,118.0
1481573189326221701,117.95,118.0
1481573192859961751,117.96,118.0
1481573195618967667,117.95,118.0
1481573195634833742,117.91,118.0
1481573196482733311,116.4,118.0
1481573212172403735,116.4,117.95
1481573221930077291,116.4,118.0
1481573221932029304,116.4,117.93
1481573223035200957,116.4,118.0
1481573223052683188,116.4,117.91
1481573223053442183,116.4,117.91
1481573223622353747,116.4,117.91
1481573223622539149,116.4,118.0
1481573281166694597,116.4,117.91
1481573281189181540,116.4,117.9
1481573281208650722,116.4,118.0
1481573288174505586,117.87,118.0
1481573295194382341,116.4,118.0
1481573315716112240,117.93,118.0
1481573317906735880,116.4,118.0
1481573324295117983,116.4,117.96
1481573325124695160,116.4,118.0
1481573332902373819,117.95,118.0
1481573337940331896,116.4,118.0
1481573363057850478,116.4,117.95
1481573365387360407,116.4,117.94
1481573369278467796,116.4,117.93
1481573371107342635,116.4,117.94
1481573378277860639,116.4,118.0
1481573387908177606,117.93,118.0
1481573389514736988,117.94,118.0
1481573392215668323,116.4,118.0
1481573408393272196,116.4,117.98
1481573417271950251,116.4,118.0
1481573421965412351,117.98,118.0
1481573423560838926,116.4,118.0
1481573425162716628,117.93,118.0
1481573436570139185,117.93,117.96
1481573437137998338,117.93,118.0
1481573446544670862,117.93,117.95
1481573450247837323,116.4,117.95
1481573450396165706,116.4,118.0
1481573473926117272,117.95,118.0
1481573475560417267,116.4,118.0
1481573478323189975,116.4,117.96
1481573488169782732,117.91,117.96
1481573488177447255,117.91,117.92
1481573488561281022,116.4,117.92
1481573494559661524,116.4,118.0
1481573595009860847,117.94,118.0
1481573595110537025,116.4,118.0
1481573604925666157,117.94,118.0
1481573606406176023,116.4,118.0
1481573614764313033,116.4,117.95
1481573641409304647,117.91,117.95
1481573641411100718,116.4,117.95
1481573647810616808,117.92,117.95
1481573651413764905,116.4,117.95
1481573655385413287,117.91,117.95
1481573655388572816,116.4,117.95
1481573671407965376,117.92,117.95
1481573671530381315,116.4,117.95
1481573724835477469,117.94,117.95
1481573727917078481,116.4,117.95
1481573728326475733,116.4,118.0
1481573759575295087,117.91,118.0
1481573760693935580,116.4,118.0
1481573771221881863,117.85,118.0
1481573776554066925,117.9,118.0
1481573776556870126,117.85,118.0
1481573777237793318,116.4,118.0
1481573777913184785,117.91,118.0
1481573781235256174,116.4,118.0
1481573782545255243,117.91,118.0
1481573784985665793,116.4,118.0
1481573788592682357,117.91,118.0
1481573788728286360,116.4,118.0
1481573808182216814,117.89,118.0
1481573808303485309,116.4,118.0
1481573819999921054,117.88,118.0
1481573821537969289,116.4,118.0
1481573836402269563,117.86,118.0
1481573838560754899,116.4,118.0
1481573858461712164,117.84,118.0
1481573858876916938,116.4,118.0
1481573867186318534,116.4,117.87
1481573881410935296,117.85,117.87
1481573884575320270,116.4,117.87
1481573884748682532,116.4,118.0
1481573892563268419,117.86,118.0
1481573893566650689,116.4,118.0
1481573896127265146,117.85,118.0
1481573900007707939,116.4,118.0
1481573925642099380,117.87,118.0
1481573925904410896,116.4,118.0
1481573925913115822,117.87,118.0
1481573926410958755,116.4,118.0
1481573955955595177,116.4,117.86
1481573967127706880,116.4,118.0
1481573988810332293,116.4,117.86
1481573989577519589,116.4,118.0
1481573991412581898,117.85,118.0
1481573993051787843,116.4,118.0
1481573995015758227,117.86,118.0
1481574001200938959,116.4,118.0
1481574018854924185,116.4,117.89
1481574031805337920,116.4,118.0
1481574031842440190,117.89,118.0
1481574035472119259,116.4,118.0
1481574039915671964,116.4,117.9
1481574040547028148,116.4,118.0
1481574086424439341,117.88,118.0
1481574086562139830,116.4,118.0
1481574101409511083,117.9,118.0
1481574101562826662,116.4,118.0
1481574114390467867,117.9,118.0
1481574116218724455,116.4,118.0
1481574133325699131,116.4,117.92
1481574134784305849,116.4,118.0
1481574147285473871,117.91,118.0
1481574147319747445,116.4,118.0
1481574149183671912,117.92,118.0
1481574152923471700,116.4,118.0
1481574159856416795,117.93,118.0
1481574159864645862,116.4,118.0
1481574179448704079,117.91,118.0
1481574179592528517,116.4,118.0
1481574180644728465,117.91,118.0
1481574181413178769,116.4,118.0
1481574202425909618,117.92,118.0
1481574204008918152,116.4,118.0
1481574211409888841,117.92,118.0
1481574213277608599,116.4,118.0
1481574221239219335,116.4,117.92
1481574221407582499,116.4,117.91
1481574229653751423,116.4,117.9
1481574232247495588,116.4,117.89
1481574239161346756,116.4,117.9
1481574255530678985,116.4,117.89
1481574258977820425,116.4,117.9
1481574259018246183,117.86,117.9
1481574283509244522,117.88,117.9
1481574283562103769,117.86,117.9
1481574283574436638,116.4,117.9
1481574286177094676,116.4,117.9
1481574286177122753,116.4,117.9
1481574286177260634,116.4,124.0
1481574286181289196,117.89,124.0
1481574294679673520,116.4,124.0
1481574306404907982,117.89,124.0
1481574307340469483,116.4,124.0
1481574307497456015,116.4,117.9
1481574318527290478,116.4,117.89
1481574321569000040,116.4,117.9
1481574321571636901,116.4,124.0
1481574343747196769,116.4,117.89
1481574349673251808,117.86,117.89
1481574365491183285,116.4,117.89
1481574366404810445,117.87,117.89
1481574368206093084,116.4,117.89
1481574368815870668,116.4,124.0
1481574372509514664,117.86,124.0
1481574372517238441,116.4,124.0
1481574372623968240,117.86,124.0
1481574373228105397,116.4,124.0
1481574380508736309,117.87,124.0
1481574380845766800,117.88,124.0
1481574380846829535,116.4,124.0
1481574380848988737,117.88,124.0
1481574413561838039,116.4,124.0
1481574414341121136,117.89,124.0
1481574414373676000,116.4,124.0
1481574430133814014,116.4,117.9
1481574431343780429,117.86,117.9
1481574432044275494,117.86,117.9
1481574432712640738,117.86,117.9
1481574434149480417,117.86,124.0
1481574439995594730,116.4,124.0
1481574460983253135,117.85,124.0
1481574460986408575,116.4,124.0
1481574477915915446,117.85,124.0
1481574479863099813,116.4,124.0
1481574481771509951,117.86,124.0
1481574485555410229,116.4,124.0
1481574485919770830,117.85,124.0
1481574486246811488,117.85,117.87
1481574486721506377,117.85,117.86
1481574487914531337,116.4,117.86
1481574489206248307,116.4,124.0
1481574493404980321,117.87,124.0
1481574493886853251,116.4,124.0
1481574501154004305,117.88,124.0
1481574501161137186,116.4,124.0
1481574502525184019,117.87,124.0
1481574503422951100,116.4,124.0
1481574504563463118,117.86,124.0
1481574504564536812,116.4,124.0
1481574504567812504,116.4,117.87
1481574505299094031,116.4,124.0
1481574506387535790,116.4,117.89
1481574525443515094,116.4,124.0
1481574546411432184,117.83,124.0
1481574548985985454,116.4,124.0
1481574549010778418,117.83,124.0
1481574549014503485,116.4,124.0
1481574552435845313,116.4,117.84
1481574553626426825,116.4,124.0
1481574564574432008,117.81,124.0
1481574566325431666,116.4,124.0
1481574586823218383,116.4,118.0
1481574592611381039,116.4,117.9
1481574598141240784,117.8,117.9
1481574602572853350,116.4,117.9
1481574602941165407,117.8,117.9
1481574605139606171,116.4,117.9
1481574607927499803,117.8,117.9
1481574608562563861,116.4,117.9
1481574622710719017,116.4,117.8
1481574640749369271,116.4,117.9
1481574648093878570,116.4,117.77
1481574648139364209,116.4,117.9
1481574648141803320,117.76,117.9
1481574648141936407,116.4,117.9
1481574655556720589,117.78,117.9
1481574664919850489,117.76,117.9
1481574664943358921,117.8,117.9
1481574667821886375,117.8,117.83
1481574668868284268,116.4,117.83
1481574683864227666,116.4,117.9
1481574735998133194,117.83,117.9
1481574736001618369,116.4,117.9
1481574752821792869,117.85,117.9
1481574759936552175,116.4,117.9
1481574795400626814,117.84,117.9
1481574795763381558,116.4,117.9
1481574799771496891,116.4,117.86
1481574802866870997,117.85,117.86
1481574805191264707,116.4,117.85
1481574810904427881,116.4,117.9
1481574810906295072,116.4,117.83
1481574833905348528,117.82,117.83
1481574833906653793,116.4,117.83
1481574833926102985,117.8,117.83
1481574833937520830,116.4,117.83
1481574833939073502,117.8,117.83
1481574833941693457,116.4,117.83
1481574833955028284,116.4,118.0
1481574835711335773,116.4,117.79
1481574842729043863,116.4,118.0
1481574842736871636,116.4,117.79
1481574842864980798,116.4,118.0
1481574845084787281,117.76,118.0
1481574845562780233,116.4,118.0
1481574848766905028,117.75,118.0
1481574848766992462,116.4,118.0
1481574855098497515,117.78,118.0
1481574857780714488,116.4,118.0
1481574891411240726,117.78,118.0
1481574892691414786,116.4,118.0
1481574893044234457,116.4,117.8
1481574896410187323,117.79,117.8
1481574897066019194,117.79,117.8
1481574898061200117,117.79,118.0
1481574900563472051,116.4,118.0
1481574901807808397,116.4,117.79
1481574912160283534,117.78,117.79
1481574913020087992,117.78,118.0
1481574913452189446,117.78,117.8
1481574915683301035,116.4,117.8
1481574916419378540,117.79,117.8
1481574918461659631,116.4,117.8
1481574921309656070,116.4,118.0
1481574922600821893,116.4,117.81
1481574929224949249,116.4,117.8
1481574932154373848,117.79,117.8
1481574932290236795,116.4,117.8
1481574934112346557,116.4,117.81
1481574935643841426,116.4,117.8
1481574936411339043,117.79,117.8
1481574941419228943,116.4,117.8
1481574948912862865,116.4,117.79
1481574953374319040,117.78,117.79
1481574954371986234,116.4,117.79
1481574967168159428,116.4,118.0
1481574970217456481,116.4,117.8
1481574971626052917,116.4,118.0
1481574972558764456,116.4,124.0
1481574972570077318,116.4,117.9
1481574977424481330,117.8,117.9
1481574980174136552,117.8,124.0
1481574980183293067,116.4,124.0
1481574980188693216,116.4,117.8
1481574982668109268,117.78,117.8
1481574985433209938,116.4,117.8
1481574987583780295,116.4,117.78
1481574987590536277,116.4,117.8
1481574987591953784,117.77,117.8
1481574987903694565,117.77,117.79
1481574989563657120,116.4,117.79
1481574989620094084,117.76,117.79
1481574989992396884,116.4,117.79
1481574992203176149,117.76,117.79
1481574992226261940,116.4,117.79
1481574995804207983,116.4,117.77
1481575001163891329,117.76,117.77
1481575001216022866,117.76,117.8
1481575001216664058,116.4,117.8
1481575002808621570,117.76,117.8
1481575002813480372,116.4,117.8
1481575016911816988,116.4,117.78
1481575022841007076,116.4,117.78
1481575022841328512,116.4,117.78
1481575024377419661,116.4,117.77
1481575025050570170,116.4,117.78
1481575030037116685,116.4,117.77
1481575030479482311,116.4,117.8
1481575034675502287,116.4,117.78
1481575035528882031,116.4,117.8
1481575048059380081,116.4,117.78
1481575049029632133,116.4,117.8
1481575050346015773,117.77,117.8
1481575051412302629,116.4,117.8
1481575056429033539,117.78,117.8
1481575059570827430,116.4,117.8
1481575062748739313,116.4,117.8
1481575071408690248,117.78,117.8
1481575074001604011,117.78,117.79
1481575075679179256,116.4,117.79
1481575079967496900,116.4,117.79
1481575084337496893,117.78,117.79
1481575084562650770,116.4,117.79
1481575085438012864,116.4,117.8
1481575085474473899,117.78,117.8
1481575085509324738,116.4,117.8
1481575085530699520,117.78,117.8
1481575088561282451,116.4,117.8
1481575091409793169,117.78,117.8
1481575091563426177,116.4,117.8
1481575096751373395,117.78,117.8
1481575108563034623,116.4,117.8
1481575113563256134,116.4,117.79
1481575115236110445,116.4,117.8
1481575119880033934,116.4,117.78
1481575124663852904,116.4,117.8
1481575126346917980,116.4,117.79
1481575127577597397,117.77,117.79
1481575127578688006,116.4,117.79
1481575128047278516,117.77,117.79
1481575128734318785,116.4,117.79
1481575134870151009,116.4,117.78
1481575139180746352,116.4,117.8
1481575147943801021,117.79,117.8
1481575148561185482,116.4,117.8
1481575153960012148,116.4,117.79
1481575166795563469,117.77,117.79
1481575169248060238,116.4,117.79
1481575169263471909,117.77,117.79
1481575169266004113,116.4,117.79
1481575173415994723,116.4,117.8
1481575182068761525,117.77,117.8
1481575184626200591,117.78,117.8
1481575184630498033,117.77,117.8
1481575184632479472,116.4,117.8
1481575184639920044,117.77,117.8
1481575184647405123,116.4,117.8
1481575185694923104,117.77,117.8
1481575185697286288,116.4,117.8
1481575187091732495,117.77,117.8
1481575187208276445,116.4,117.8
1481575187215083802,117.77,117.8
1481575187238089405,116.4,117.8
1481575199999639177,117.77,117.8
1481575201415073307,116.4,117.8
1481575202112166897,117.77,117.8
1481575204695183977,116.4,117.8
1481575208343749894,116.4,117.79
1481575208344001328,116.4,117.8
1481575217483064492,116.4,117.76
1481575218331733617,116.4,117.8
1481575221327862035,117.75,117.8
1481575221355658846,116.4,117.8
1481575222120245060,117.75,117.8
1481575225078138728,116.4,117.8
1481575227565685315,117.75,117.8
1481575227567654642,116.4,117.8
1481575227585866640,117.75,117.8
1481575231411779248,116.4,117.8
1481575233370009562,117.77,117.8
1481575233371993287,116.4,117.8
1481575234004384663,116.4,117.79
1481575236793360229,116.4,117.8
1481575250279218901,116.4,117.78
1481575256293267247,116.4,117.8
1481575259661599572,117.76,117.8
1481575260105075524,117.76,117.8
1481575260105526862,117.76,117.8
1481575260105610740,116.4,117.8
1481575276259169322,117.77,117.8
1481575276415406752,116.4,117.8
1481575278025910687,117.77,117.8
1481575280364603350,117.77,117.79
1481575281430677244,116.4,117.79
1481575291415222012,117.76,117.79
1481575293416020909,117.76,117.8
1481575296408527990,116.4,117.8
1481575297734667960,0.0,117.8
1481575297742233194,116.65,117.8
1481575306395944357,0.0,117.8
1481575314570852347,117.76,117.8
1481575315000848030,117.76,117.8
1481575316560177040,0.0,117.8
1481575327683614402,117.75,117.8
1481575337706232548,0.0,117.8
1481575338598633009,117.75,117.8
1481575338606098153,0.0,117.8
1481575341418880374,117.75,117.8
1481575341622638918,117.75,117.8
1481575343921140820,0.0,117.8
1481575354924936540,0.0,117.76
1481575355763742426,0.0,117.76
1481575356211181436,0.0,117.8
1481575361416460779,117.76,117.8
1481575361974901650,117.76,117.8
1481575365561451192,0.0,117.8
1481575370807304889,0.0,117.77
1481575371491556674,117.76,117.77
1481575372560927206,0.0,117.77
1481575372572918616,0.0,117.77
1481575372572959540,0.0,117.77
1481575377302211302,0.0,117.76
1481575379842429351,0.0,117.76
1481575380013333015,117.75,117.76
1481575381790561047,0.0,117.76
1481575389873039415,0.0,117.73
1481575389882679517,0.0,117.73
1481575390337379643,0.0,117.73
1481575393283657605,117.72,117.73
1481575397041453712,117.72,117.73
1481575397695390245,117.72,117.8
1481575397697454950,117.73,117.8
1481575397717517251,117.72,117.8
1481575397922222697,0.0,117.8
1481575402389466438,0.0,117.72
1481575404925662566,0.0,117.72
1481575408408518882,0.0,117.72
1481575408408601703,0.0,117.71
1481575410479554522,117.69,117.71
1481575410917899237,0.0,117.71
1481575410931989095,117.69,117.71
1481575411093027999,0.0,117.71
1481575411430461354,0.0,117.8
1481575411476861351,117.7,117.8
1481575411525625530,0.0,117.8
1481575413048341661,117.7,117.8
1481575414564844092,0.0,117.8
1481575416419798058,117.7,117.8
1481575416563243226,0.0,117.8
1481575424718303727,117.7,117.8
1481575424718323588,117.7,117.8
1481575427947190696,117.7,117.8
1481575429078118458,0.0,117.8
1481575434229032815,117.71,117.8
1481575434234489724,117.71,117.72
1481575434244355074,117.71,117.8
1481575435416893534,117.71,117.74
1481575436760516777,0.0,117.74
1481575438823157899,0.0,117.72
1481575440679358622,117.7,117.72
1481575448665158949,117.7,117.72
1481575448665914759,0.0,117.72
1481575449849542236,0.0,117.8
1481575451185194773,117.69,117.8
1481575454645000996,0.0,117.8
1481575455740627273,117.69,117.8
1481575458761415645,117.69,117.8
1481575462795126809,117.69,117.8
1481575469578892680,117.69,117.7
1481575471663359604,0.0,117.7
1481575471705876589,117.69,117.7
1481575472291399749,117.69,117.7
1481575477691475333,0.0,117.7
1481575482892144929,117.69,117.7
1481575485625134658,117.69,117.7
1481575488915237986,117.69,117.7
1481575491159316675,117.69,117.8
1481575493939119767,117.69,117.8
1481575493965162884,117.7,117.8
1481575501422797588,117.71,117.8
1481575501638479454,117.7,117.8
1481575502198839791,117.7,124.0
1481575502213137874,0.0,124.0
1481575502220180606,0.0,117.7
1481575505400409627,0.0,117.7
1481575505401442463,117.69,117.7
1481575506324589625,117.69,117.7
1481575507313435147,117.69,124.0
1481575507315686500,0.0,124.0
1481575511012291544,117.69,124.0
1481575519057008804,117.69,124.0
1481575520371984334,117.69,117.7
1481575523056915770,117.69,124.0
1481575523077228313,117.69,124.0
1481575523077378410,0.0,124.0
1481575523735273973,117.69,124.0
1481575526097103092,117.69,124.0
1481575530123499571,117.69,124.0
1481575531418237938,0.0,124.0
1481575532735422304,117.69,124.0
1481575533190982913,117.69,124.0
1481575536423331197,117.69,124.0
1481575536457876576,0.0,124.0
1481575539037143159,0.0,117.69
1481575541243151644,0.0,117.68
1481575541243182896,0.0,117.69
1481575541479875163,0.0,117.68
1481575542485341111,0.0,117.67
1481575543199458484,117.66,117.67
1481575543494599233,0.0,117.67
1481575543507076950,117.65,117.67
1481575544054503945,117.65,117.66
1481575544995207704,117.65,117.67
1481575556270620025,117.66,117.67
1481575556271161434,117.66,117.67
1481575556271171011,117.66,117.67
1481575556271982782,117.66,117.67
1481575556281203448,117.66,117.67
1481575556283438989,117.66,117.67
1481575556984985021,117.66,117.67
1481575559233844038,117.66,124.0
1481575559242635747,117.66,117.68
1481575560296870266,117.67,117.68
1481575561009974667,117.67,124.0
1481575562682164267,117.68,124.0
1481575562851709482,117.67,124.0
1481575565320957171,117.69,124.0
1481575571410127155,117.69,124.0
1481575571412062584,0.0,124.0
1481575584503994213,117.69,124.0
1481575585283938072,117.69,117.7
1481575585304500616,117.69,124.0
1481575590195355765,117.7,124.0
1481575590213587810,117.69,124.0
1481575590481147858,117.71,124.0
1481575595570630782,117.71,124.0
1481575597752520409,117.71,124.0
1481575597752903302,0.0,124.0
1481575606415578306,117.69,124.0
1481575607014960041,0.0,124.0
1481575607068439431,117.7,124.0
1481575607261780025,0.0,124.0
1481575607268790367,117.7,124.0
1481575612658519735,117.7,124.0
1481575613024662880,117.7,124.0
1481575615653790114,117.71,124.0
1481575615686500270,117.7,124.0
1481575615786855545,117.72,124.0
1481575615791572484,117.7,124.0
1481575615838004283,117.72,124.0
1481575615839107478,117.7,124.0
1481575615866054479,117.72,124.0
1481575615867438576,117.7,124.0
1481575616090452740,117.72,124.0
1481575616275082075,117.7,124.0
1481575616964491541,117.72,124.0
1481575616969041167,117.7,124.0
1481575616971753961,117.71,124.0
1481575617676266742,117.7,124.0
1481575620649808426,117.72,124.0
1481575620651149640,117.7,124.0
1481575622873966206,117.71,124.0
1481575623013724251,117.7,124.0
1481575623385415377,117.71,124.0
1481575623604750274,117.7,124.0
1481575623795943982,117.7,117.73
1481575624674433621,117.71,117.73
1481575625035370663,117.71,124.0
1481575625349542177,117.72,124.0
1481575625353374391,117.71,124.0
1481575625517267629,117.72,124.0
1481575625533462300,117.71,124.0
1481575625567753133,117.72,124.0
1481575625602670968,117.71,124.0
1481575625774712020,117.72,124.0
1481575625780602685,117.71,124.0
1481575628217436727,117.73,124.0
1481575628217579779,117.71,124.0
1481575629693222279,0.0,124.0
1481575629698992557,117.73,124.0
1481575632712561194,0.0,124.0
1481575632719011744,117.75,124.0
1481575636021845409,117.75,124.0
1481575636029817032,0.0,124.0
1481575642752839268,117.73,124.0
1481575659814771964,0.0,124.0
1481575659827154025,117.74,124.0
1481575665837271225,117.75,124.0
1481575668491205304,117.75,124.0
1481575668858795500,117.75,124.0
1481575668866578334,117.76,124.0
1481575668967253313,117.75,124.0
1481575669496469120,0.0,124.0
1481575676038747863,117.76,124.0
1481575678701651844,117.76,117.77
1481575680060377964,117.76,117.77
1481575683807566836,117.76,117.77
1481575686295403185,117.76,124.0
1481575692887526868,117.76,117.77
1481575695327468775,117.76,124.0
1481575695702526617,0.0,124.0
1481575698196466608,0.0,117.8
1481575705163894829,117.76,117.8
1481575705167842743,0.0,117.8
1481575705171726970,117.77,117.8
1481575705172931946,0.0,117.8
1481575706817745677,117.76,117.8
1481575715307841353,0.0,117.8
1481575723999384466,0.0,117.77
1481575724488814837,0.0,117.75
1481575725392232552,0.0,117.74
1481575726043315045,0.0,117.75
1481575726046186135,0.0,117.74
1481575726432094977,0.0,117.75
1481575746415652469,117.73,117.75
1481575749500808481,117.74,117.75
1481575750786027150,117.73,117.75
1481575755844110965,117.73,117.75
1481575759881773722,117.73,117.75
1481575766425922665,0.0,117.75
1481575766446527376,117.74,117.75
1481575767950766393,0.0,117.75
1481575768677101003,0.0,117.75
1481575768679688210,0.0,117.75
1481575768683160636,117.74,117.75
1481575768684242268,0.0,117.75
1481575768688081280,117.74,117.75
1481575769878037243,117.74,124.0
1481575770795594146,117.74,124.0
1481575773841111012,0.0,124.0
1481575773847290281,117.73,124.0
1481575773861085873,117.74,124.0
1481575773863729928,0.0,124.0
1481575789205006481,0.0,117.71
1481575789865426256,0.0,124.0
1481575794922910833,117.69,124.0
1481575800075762287,0.0,124.0
1481575803886167553,117.74,124.0
1481575806484944174,0.0,124.0
1481575808591024203,0.0,117.76
1481575810080861902,117.74,117.76
1481575811417740550,0.0,117.76
1481575813206251023,117.75,117.76
1481575813224332527,0.0,117.76
1481575813657312311,0.0,124.0
1481575815310304894,117.0,124.0
1481575819428984237,117.76,124.0
1481575820211602234,117.76,117.8
1481575824298898289,117.0,117.8
1481575825830538813,117.78,117.8
1481575828942274606,117.79,117.8
1481575831426648793,117.78,117.8
1481575831589330022,117.79,117.8
1481575834191920080,117.78,117.8
1481575834974035193,117.79,117.8
1481575837676402856,117.79,117.8
1481575837977086252,117.78,117.8
1481575839270392407,117.78,117.8
1481575849981153475,117.0,117.8
1481575853728543679,117.0,117.79
1481575857355533366,117.0,117.78
1481575859041338402,117.77,117.78
1481575860144591935,117.77,117.79
1481575865765740954,117.77,117.8
1481575866072221359,117.0,117.8
1481575871314075417,117.77,117.8
1481575871325109317,117.0,117.8
1481575871454809330,117.77,117.8
1481575871554161121,117.0,117.8
1481575871577362000,117.77,117.8
1481575871981181642,117.0,117.8
1481575877382594228,117.77,117.8
1481575877924189004,117.0,117.8
1481575877981526832,117.77,117.8
1481575878020202276,117.78,117.8
1481575878024499665,117.77,117.8
1481575878025891896,117.0,117.8
1481575878044658569,117.77,117.8
1481575878083105976,117.0,117.8
1481575878134632711,117.77,117.8
1481575878233152878,117.0,117.8
1481575880962660542,117.77,117.8
1481575881420934731,117.0,117.8
1481575883374438733,117.77,117.8
1481575883424284751,117.0,117.8
1481575883444506262,117.77,117.8
1481575886305012136,117.0,117.8
1481575887257543896,117.77,117.8
1481575890143194771,117.77,117.8
1481575890856294712,117.77,117.79
1481575894158363053,117.0,117.79
1481575896161079847,117.77,117.79
1481575897958349372,117.0,117.79
1481575898193073366,117.78,117.79
1481575898196885508,117.0,117.79
1481575899291233668,117.77,117.79
1481575900099677377,117.0,117.79
1481575900101175162,117.78,117.79
1481575900101608275,117.78,117.8
1481575900102358963,117.0,117.8
1481575900763732148,117.0,117.8
1481575900764055625,117.0,124.0
1481575906436003362,117.79,124.0
1481575906539497161,117.0,124.0
1481575908058886527,117.0,117.8
1481575908200082480,117.79,117.8
1481575913686854179,117.79,124.0
1481575921225008276,117.79,124.0
1481575929122650484,117.79,117.8
1481575932941181021,117.79,117.8
1481575933668724261,117.0,117.8
1481575933704527462,117.78,117.8
1481575933705654220,117.0,117.8
1481575933707035886,117.78,117.8
1481575933709570153,117.0,117.8
1481575934046147663,117.78,117.8
1481575934165917563,117.0,117.8
1481575934187331759,117.78,117.8
1481575935014412129,117.0,117.8
1481575935015265979,117.79,117.8
1481575935016414814,117.0,117.8
1481575935017829046,117.79,117.8
1481575935018851770,117.0,117.8
1481575935022000653,117.78,117.8
1481575935030035612,117.0,117.8
1481575935031629590,117.78,117.8
1481575935507268437,117.0,117.8
1481575936420881678,117.78,117.8
1481575937394723472,117.0,117.8
1481575938154630172,117.0,124.0
1481575939644223254,117.78,124.0
1481575941203728906,117.77,124.0
1481575941207236404,117.78,124.0
1481575941209195430,117.77,124.0
1481575941223933228,117.78,124.0
1481575941225300995,117.77,124.0
1481575941348266002,117.78,124.0
1481575941357168844,117.77,124.0
1481575941431043279,117.78,124.0
1481575942716818588,117.78,124.0
1481575943025180362,117.78,124.0
1481575943555823564,117.78,124.0
1481575948731742442,117.78,124.0
1481575957154293619,117.79,124.0
1481575957154361977,117.79,124.0
1481575957156204661,117.79,124.0
1481575957157726177,117.78,124.0
1481575957232064878,117.78,124.0
1481575959252631048,117.78,124.0
1481575968990609778,117.79,124.0
1481575968994390708,117.78,124.0
1481575970795129439,117.78,124.0
1481575973812682115,117.78,124.0
1481575980099613019,117.78,124.0
1481575980281125500,117.0,124.0
1481575981839490349,117.78,124.0
1481575986118009191,117.78,117.79
1481575987003402833,117.78,124.0
1481575988854687363,117.79,124.0
1481575995617870259,117.0,124.0
1481576000167636000,117.0,117.79
1481576000894263084,117.78,117.79
1481576001664741323,117.78,124.0
1481576005941627844,117.79,124.0
1481576006608928636,117.78,124.0
1481576006614442407,117.0,124.0
1481576007078293149,117.0,117.79
1481576013888833082,117.0,117.79
1481576014947821135,117.0,117.79
1481576014969155802,117.0,124.0
1481576014996235715,117.78,124.0
1481576015003049813,117.0,124.0
1481576015012142081,117.78,124.0
1481576015044377163,117.0,124.0
1481576015468574718,117.79,124.0
1481576019087490857,117.0,124.0
1481576024405559205,117.0,117.8
1481576027336962658,117.78,117.8
1481576030350138292,117.0,117.8
1481576032156770777,117.0,117.79
1481576040728677614,117.78,117.79
1481576041042912070,117.78,117.79
1481576042602943701,117.78,117.79
1481576042635409486,117.78,117.79
1481576044239462920,117.78,117.79
1481576047568894520,117.78,117.79
1481576047569269524,117.78,117.8
1481576049087471537,117.0,117.8
1481576051434405031,117.0,124.0
1481576052435913615,117.0,117.81
1481576053856805619,117.0,117.8
1481576054103416306,117.79,117.8
1481576054128799498,117.0,117.8
1481576054129264467,117.0,117.8
1481576054129716599,117.0,117.8
1481576054188795898,117.0,117.79
1481576057171467690,117.77,117.79
1481576062186646998,117.77,117.79
1481576063598300831,117.77,117.78
1481576066984518901,117.0,117.78
1481576068979665072,117.77,117.78
1481576068985992497,117.0,117.78
1481576069529722555,117.76,117.78
1481576081573846416,117.76,117.78
1481576084323869093,117.0,117.78
1481576084341810147,117.75,117.78
1481576084386517128,117.75,124.0
1481576085623488879,117.0,124.0
1481576087588012794,117.74,124.0
1481576088327787183,117.74,117.75
1481576088684022757,117.74,124.0
1481576092854678561,117.74,117.75
1481576093014913226,117.0,117.75
1481576095723685870,117.73,117.75
1481576096442671436,117.73,117.74
1481576098628257764,117.73,117.74
1481576100003599850,117.73,117.74
1481576100064784415,117.73,117.75
1481576100400270279,117.73,117.75
1481576100400438854,117.73,117.75
1481576100400801619,117.74,117.75
1481576100751309095,117.74,124.0
1481576100757552295,117.75,124.0
1481576101026948454,117.76,124.0
1481576101027624728,117.76,124.0
1481576101048992895,117.76,124.0
1481576101296154277,117.76,124.0
1481576101342022856,117.76,117.78
1481576101543256808,117.76,117.79
1481576102145778219,117.77,117.79
1481576104465185816,117.76,117.79
1481576104990165958,117.77,117.79
1481576105147223522,117.77,124.0
1481576106246190139,117.78,124.0
1481576106246478099,117.76,124.0
1481576106246997497,117.77,124.0
1481576106848500967,117.77,117.79
1481576109518270557,117.77,124.0
1481576109519737382,117.0,124.0
1481576109614942420,117.77,124.0
1481576109620023177,117.78,124.0
1481576109620041942,117.0,124.0
1481576109637755798,117.77,124.0
1481576109843668132,117.0,124.0
1481576109873935307,117.78,124.0
1481576109874574586,117.77,124.0
1481576110005196962,117.0,124.0
1481576111262442240,117.77,124.0
1481576111262507088,117.78,124.0
1481576111262529462,117.0,124.0
1481576111297368874,117.77,124.0
1481576111677490540,117.78,124.0
1481576111682059882,117.0,124.0
1481576111700376870,117.77,124.0
1481576111715447268,117.78,124.0
1481576111716738703,117.0,124.0
1481576111727537499,117.77,124.0
1481576111728598649,117.0,124.0
1481576111729939028,117.77,124.0
1481576113518204484,117.77,117.79
1481576113518852411,117.77,117.8
1481576113519162112,117.77,124.0
1481576113519668321,117.77,117.79
1481576113990158579,117.77,117.8
1481576114018162348,117.77,124.0
1481576114029982073,117.0,124.0
1481576114038364420,117.77,124.0
1481576114039583139,117.0,124.0
1481576114040967927,117.77,124.0
1481576114043485915,117.0,124.0
1481576116256881700,117.77,124.0
1481576116260428256,117.0,124.0
1481576116424456044,117.77,124.0
1481576117728788059,117.0,124.0
1481576117733459366,117.77,124.0
1481576118031058201,117.0,124.0
1481576118035972333,117.77,124.0
1481576118037009421,117.0,124.0
1481576118758910712,117.0,124.0
1481576118761642813,117.77,124.0
1481576119392387753,117.0,124.0
1481576119486886327,117.77,124.0
1481576119681916430,117.0,124.0
1481576119682466062,117.0,117.78
1481576119701921838,117.0,117.79
1481576120763700263,117.0,117.78
1481576120782688984,117.0,117.79
1481576123609841944,117.0,124.0
1481576124890164592,117.0,117.79
1481576124895495492,117.0,117.8
1481576124905352321,117.0,117.79
1481576125381728051,117.0,117.8
1481576125583106583,117.0,117.79
1481576125594626607,117.0,124.0
1481576128520944805,117.0,117.78
1481576129261770825,117.0,117.77
1481576129338082814,117.0,117.78
1481576131490161567,117.0,117.77
1481576131590161677,117.0,117.78
1481576131934146901,117.0,117.77
1481576132816399977,117.0,117.78
1481576133883540448,117.0,117.77
1481576134081091733,117.0,117.78
1481576134573930922,117.0,117.77
1481576134790160376,117.0,117.78
1481576134891233077,117.0,117.77
1481576134915661487,117.0,117.77
1481576135166509984,117.0,117.77
1481576135168869673,117.0,117.77
1481576135735538865,117.0,117.77
1481576140832065954,117.76,117.77
1481576145031147088,117.76,117.77
1481576145033142256,117.76,117.78
1481576145613357421,117.76,117.78
1481576145855751649,117.76,117.78
1481576146013415300,117.76,117.78
1481576146013988630,117.76,117.77
1481576146036947449,117.76,117.78
1481576146037654832,117.76,124.0
1481576146117981528,117.76,124.0
1481576149208425402,117.76,117.78
1481576149208723194,117.76,124.0
1481576156882462985,117.76,124.0
1481576158345686530,117.77,124.0
1481576158349662669,117.77,117.78
1481576158349816262,117.0,117.78
1481576158356133644,117.0,117.79
1481576158395498153,117.0,117.78
1481576158396860213,117.0,117.77
1481576158620707067,117.0,117.78
1481576158957513578,117.0,117.77
1481576158990163789,117.0,117.78
1481576159026345523,117.0,117.77
1481576159290162296,117.0,117.78
1481576159572470730,117.0,117.77
1481576159577055027,117.0,117.78
1481576160004436345,117.0,117.77
1481576160010725781,117.0,117.78
1481576160663623062,117.76,117.78
1481576164403223521,117.76,117.78
1481576165249037905,117.76,117.78
1481576165249367794,117.77,117.78
1481576165249386845,117.77,117.79
1481576166076759388,117.76,117.79
1481576167035766514,117.77,117.79
1481576167284648230,117.76,117.79
1481576167812918415,117.77,117.79
1481576168907217601,117.77,117.78
1481576171082223352,117.77,117.79
1481576177324306699,117.76,117.79
1481576177429429676,117.77,117.79
1481576177544190045,117.76,117.79
1481576177555361253,117.77,117.79
1481576178578594579,117.76,117.79
1481576178650004627,117.77,117.79
1481576178665732607,117.76,117.79
1481576179182134926,117.77,117.79
1481576179475353032,117.76,117.79
1481576179552202689,117.77,117.79
1481576180878792090,117.77,117.8
1481576180879589535,117.78,117.8
1481576180879952989,117.0,117.8
1481576181425228043,117.78,117.8
1481576181431888396,117.0,117.8
1481576181433183330,117.0,117.79
1481576183965581138,117.0,124.0
1481576183966463650,117.78,124.0
1481576184531157047,117.77,124.0
1481576184531168695,117.77,117.79
1481576184559834154,117.77,117.8
1481576184559853980,117.77,124.0
1481576184560926347,117.77,117.79
1481576185617246256,117.77,117.8
1481576185624774417,117.77,117.79
1481576185637839213,117.77,117.8
1481576185642852890,117.77,117.79
1481576185740417853,117.77,117.8
1481576185748185499,117.78,117.8
1481576185749253750,117.0,117.8
1481576185754673994,117.0,117.79
1481576187094348699,117.0,117.79
1481576188841241506,117.77,117.79
1481576192516225979,117.77,117.78
1481576192524313756,117.77,117.79
1481576194572438636,117.77,117.78
1481576195565279907,117.0,117.78
1481576195566391662,117.0,117.79
1481576195766483619,117.0,117.77
1481576195767025799,117.75,117.77
1481576195767413122,117.74,117.77
1481576195775393725,117.75,117.77
1481576195778941597,117.74,117.77
1481576195817826745,117.75,117.77
1481576195961757077,117.74,117.77
1481576196015188491,117.75,117.77
1481576205159665773,117.75,117.76
1481576205792206614,117.75,117.77
1481576207262100210,117.74,117.77
1481576207401502001,117.75,117.77
1481576207806342974,117.74,117.77
1481576207815281435,117.0,117.77
1481576207815285651,117.0,117.76
1481576207904706235,117.75,117.76
1481576210515928502,117.75,117.77
1481576210890166455,117.75,117.76
1481576211416883944,117.0,117.76
1481576216422960606,117.75,117.76
1481576216990162346,117.75,117.77
1481576218073979570,117.75,117.77
1481576218090156180,117.75,117.77
1481576218268372756,117.74,117.77
1481576218955250268,117.75,117.77
1481576218958766669,117.75,117.79
1481576218978923533,117.75,117.78
1481576218982131277,117.0,117.78
1481576218995954004,117.0,117.79
1481576219143241613,117.76,117.79
1481576220336393022,117.0,117.79
1481576220990164367,117.76,117.79
1481576221827641908,117.75,117.79
1481576221830364361,117.0,117.79
1481576223380605025,117.0,117.77
1481576223852423844,117.0,117.77
1481576227690165183,117.0,117.77
1481576230860938926,117.0,117.77
1481576230874378928,117.0,117.77
1481576230874766262,117.0,117.77
1481576232110187060,117.0,117.77
1481576233542153475,117.76,117.77
1481576234577625437,117.0,117.77
1481576238048358623,117.0,117.77
1481576239196434554,117.0,117.77
1481576241416389998,117.0,117.77
1481576241422547955,117.0,117.77
1481576244298323596,117.0,117.77
1481576244654557325,117.0,117.77
1481576244655164947,117.0,117.77
1481576244655883422,117.0,117.77
1481576245154328026,117.0,117.77
1481576246557075610,117.0,117.77
1481576246557401374,117.0,117.77
1481576250837231859,117.0,117.77
1481576251406066132,117.0,117.77
1481576252143344939,117.0,117.77
1481576254519934933,117.76,117.77
1481576254520159830,117.76,117.77
1481576254520513183,117.76,117.77
1481576255069388660,117.76,117.77
1481576256032342984,117.76,117.77
1481576256424610955,117.0,117.77
1481576259146484673,117.0,117.77
1481576259260031809,117.0,117.77
1481576260392536136,117.76,117.77
1481576262412055935,117.0,117.77
1481576264375297346,117.0,117.77
1481576264404381935,117.0,117.77
1481576264661839018,117.0,117.77
1481576265190173384,117.0,117.77
1481576265311139113,117.0,117.77
1481576265373136079,117.0,117.77
1481576266490164297,117.0,117.77
1481576271312215193,117.0,117.77
1481576271365452873,117.0,117.77
1481576278101616165,117.0,117.77
1481576280012605315,117.0,117.77
1481576280062635614,117.0,117.77
1481576280092746140,117.0,117.77
1481576280092786163,117.0,117.77
1481576280251562913,117.76,117.77
1481576289431732499,117.75,117.77
1481576289431736879,117.75,117.77
