Time,Bid,Ask
20191001 00:00:00.257,1.22894,1.229
20191001 00:00:00.261,1.22894,1.22901
20191001 00:00:00.263,1.22894,1.2290299999999998
20191001 00:00:00.266,1.22894,1.22904
20191001 00:00:00.320,1.22896,1.22904
20191001 00:00:00.327,1.22896,1.22905
20191001 00:00:00.330,1.22896,1.22906
20191001 00:00:00.391,1.2289700000000001,1.22906
20191001 00:00:00.398,1.22896,1.2290299999999998
20191001 00:00:00.405,1.22896,1.22902
20191001 00:00:00.460,1.22895,1.22902
20191001 00:00:00.466,1.22895,1.2290299999999998
20191001 00:00:00.583,1.22895,1.22904
20191001 00:00:00.588,1.22895,1.2290299999999998
20191001 00:00:00.660,1.22895,1.22902
20191001 00:00:00.662,1.2289299999999999,1.22902
20191001 00:00:01.096,1.2289299999999999,1.229
20191001 00:00:01.152,1.22892,1.229
20191001 00:00:02.385,1.2289299999999999,1.229
20191001 00:00:02.965,1.22892,1.229
20191001 00:00:03.032,1.22891,1.229
20191001 00:00:04.310,1.22892,1.229
20191001 00:00:06.754,1.22891,1.229
20191001 00:00:07.375,1.22892,1.229
20191001 00:00:23.819,1.22891,1.22899
20191001 00:00:23.821,1.2289,1.22898
20191001 00:00:23.823,1.2289,1.2289700000000001
20191001 00:00:24.338,1.22888,1.22896
20191001 00:00:24.341,1.22889,1.22896
20191001 00:00:24.744,1.22889,1.22898
20191001 00:00:25.424,1.22889,1.22899
20191001 00:00:26.366,1.2289,1.22899
20191001 00:00:30.759,1.22889,1.22899
20191001 00:00:30.872,1.2289,1.22899
20191001 00:00:31.459,1.22889,1.22899
20191001 00:00:35.002,1.22889,1.229
20191001 00:00:35.278,1.22889,1.2289700000000001
20191001 00:00:35.761,1.22889,1.229
20191001 00:00:36.079,1.22889,1.22899
20191001 00:00:36.570,1.22889,1.229
20191001 00:00:36.705,1.22889,1.22898
20191001 00:00:36.722,1.22889,1.22896
20191001 00:00:39.244,1.22889,1.22898
20191001 00:00:44.444,1.22889,1.22899
20191001 00:00:45.025,1.22889,1.22898
20191001 00:00:45.934,1.22889,1.22895
20191001 00:00:53.314,1.22889,1.22898
20191001 00:00:55.179,1.22889,1.22894
20191001 00:01:07.872,1.22889,1.2289700000000001
20191001 00:01:08.628,1.22889,1.22898
20191001 00:01:09.704,1.22888,1.2289700000000001
20191001 00:01:10.300,1.22888,1.22892
20191001 00:01:11.444,1.22888,1.2289299999999999
20191001 00:01:13.215,1.22889,1.2289299999999999
20191001 00:01:13.328,1.22888,1.2289299999999999
20191001 00:01:26.943,1.22888,1.22898
20191001 00:01:33.569,1.22888,1.22892
20191001 00:01:35.071,1.22888,1.2289299999999999
20191001 00:01:37.231,1.22888,1.22894
20191001 00:01:37.454,1.22888,1.22892
20191001 00:01:37.565,1.22889,1.22892
20191001 00:01:37.677,1.22889,1.22894
20191001 00:01:47.974,1.22889,1.22892
20191001 00:01:48.026,1.2288700000000001,1.22892
20191001 00:01:48.030,1.22886,1.22892
20191001 00:01:48.031,1.22886,1.2289
20191001 00:01:48.084,1.22884,1.2289
20191001 00:01:48.428,1.22884,1.22894
20191001 00:01:56.708,1.22884,1.2289299999999999
20191001 00:01:57.489,1.2288299999999999,1.2289299999999999
20191001 00:01:58.955,1.2288299999999999,1.22891
20191001 00:01:59.014,1.22882,1.22891
20191001 00:01:59.019,1.22881,1.22891
20191001 00:01:59.077,1.2288,1.2289
20191001 00:02:00.078,1.22881,1.2289
20191001 00:02:01.303,1.22882,1.2289
20191001 00:02:10.647,1.22882,1.22891
20191001 00:02:11.595,1.2288299999999999,1.22891
20191001 00:02:14.897,1.22882,1.22891
20191001 00:02:22.582,1.22881,1.22891
20191001 00:02:29.186,1.22882,1.22891
20191001 00:02:31.181,1.22881,1.22891
20191001 00:02:38.540,1.22882,1.22891
20191001 00:02:47.158,1.2288299999999999,1.22891
20191001 00:02:50.075,1.22882,1.22891
20191001 00:03:00.034,1.22881,1.22891
20191001 00:03:01.163,1.2288,1.22891
20191001 00:03:02.190,1.2288,1.22889
20191001 00:03:02.277,1.22881,1.22889
20191001 00:03:02.333,1.22881,1.22891
20191001 00:03:02.337,1.2288299999999999,1.22891
20191001 00:03:07.166,1.2288299999999999,1.2289
20191001 00:03:11.539,1.2288299999999999,1.22889
20191001 00:03:30.277,1.22882,1.22889
20191001 00:03:30.675,1.22882,1.22888
20191001 00:03:30.735,1.2288,1.22888
20191001 00:03:32.025,1.2288,1.22889
20191001 00:03:32.026,1.22882,1.22889
20191001 00:03:33.129,1.22882,1.22888
20191001 00:03:33.481,1.22882,1.22889
20191001 00:03:35.047,1.22882,1.2289
20191001 00:03:35.651,1.2288299999999999,1.2289
20191001 00:03:42.097,1.2288299999999999,1.22889
20191001 00:03:42.241,1.22879,1.22889
20191001 00:03:46.371,1.22881,1.22889
20191001 00:03:50.000,1.2288299999999999,1.22889
20191001 00:03:50.957,1.2288299999999999,1.22888
20191001 00:03:51.012,1.22881,1.22888
20191001 00:03:59.192,1.2288299999999999,1.22888
20191001 00:03:59.202,1.2288299999999999,1.22889
20191001 00:03:59.408,1.2288299999999999,1.2289
20191001 00:04:00.583,1.22884,1.2289
20191001 00:04:03.598,1.22885,1.2289
20191001 00:04:08.090,1.2288700000000001,1.22891
20191001 00:04:08.094,1.22888,1.2289700000000001
20191001 00:04:08.145,1.22889,1.2289700000000001
20191001 00:04:08.151,1.22891,1.2289700000000001
20191001 00:04:09.017,1.22889,1.2289700000000001
20191001 00:04:10.704,1.2288700000000001,1.22895
20191001 00:04:10.708,1.2288700000000001,1.22894
20191001 00:04:10.710,1.2288700000000001,1.2289299999999999
20191001 00:04:10.712,1.22885,1.2289299999999999
20191001 00:04:18.758,1.22888,1.2289299999999999
20191001 00:04:19.945,1.2288700000000001,1.2289299999999999
20191001 00:04:21.530,1.2288700000000001,1.22892
20191001 00:04:21.533,1.2288700000000001,1.22891
20191001 00:04:21.589,1.2288700000000001,1.2289
20191001 00:04:21.591,1.22885,1.2289
20191001 00:04:24.688,1.22885,1.22889
20191001 00:04:31.753,1.22884,1.22889
20191001 00:04:36.025,1.22885,1.22889
20191001 00:04:39.863,1.22885,1.22891
20191001 00:04:40.656,1.22885,1.2289
20191001 00:04:42.477,1.22886,1.2289299999999999
20191001 00:04:42.539,1.22889,1.2289299999999999
20191001 00:04:42.793,1.2288700000000001,1.2289299999999999
20191001 00:04:45.959,1.22888,1.22895
20191001 00:04:46.014,1.2289,1.2289700000000001
20191001 00:04:49.064,1.22891,1.2289700000000001
20191001 00:04:50.766,1.2289,1.2289700000000001
20191001 00:04:51.039,1.22891,1.22898
20191001 00:04:56.946,1.22894,1.22898
20191001 00:05:00.045,1.22891,1.22898
20191001 00:05:03.912,1.2289,1.22898
20191001 00:05:03.966,1.22889,1.22896
20191001 00:05:03.969,1.22888,1.22894
20191001 00:05:04.035,1.2288700000000001,1.22894
20191001 00:05:04.036,1.2288700000000001,1.2289299999999999
20191001 00:05:05.255,1.2288700000000001,1.22894
20191001 00:05:17.355,1.22886,1.22894
20191001 00:05:21.629,1.22885,1.2289299999999999
20191001 00:05:25.989,1.22886,1.22894
20191001 00:05:28.971,1.22885,1.2289299999999999
20191001 00:05:30.034,1.2288700000000001,1.22896
20191001 00:05:30.791,1.2288700000000001,1.2289299999999999
20191001 00:05:31.178,1.22888,1.2289299999999999
20191001 00:05:31.419,1.22888,1.22894
20191001 00:05:31.482,1.2289,1.22895
20191001 00:05:31.484,1.2289,1.2289700000000001
20191001 00:05:41.920,1.22891,1.2289700000000001
20191001 00:05:44.984,1.22891,1.229
20191001 00:05:47.029,1.22892,1.229
20191001 00:05:48.768,1.22891,1.229
20191001 00:05:51.627,1.22892,1.229
20191001 00:05:55.055,1.22891,1.229
20191001 00:05:56.069,1.22891,1.22898
20191001 00:05:56.078,1.2289299999999999,1.22898
20191001 00:05:58.653,1.22894,1.22898
20191001 00:05:59.735,1.2289299999999999,1.22898
20191001 00:06:00.062,1.22891,1.22898
20191001 00:06:05.702,1.22892,1.22898
20191001 00:06:07.825,1.22891,1.229
20191001 00:06:09.256,1.22892,1.229
20191001 00:06:15.458,1.22891,1.229
20191001 00:06:20.345,1.22892,1.229
20191001 00:06:21.301,1.22892,1.22901
20191001 00:06:26.222,1.22892,1.22899
20191001 00:06:26.224,1.2289299999999999,1.229
20191001 00:06:26.536,1.2289299999999999,1.22899
20191001 00:06:26.739,1.22892,1.22899
20191001 00:06:30.017,1.22894,1.22899
20191001 00:06:31.326,1.2289299999999999,1.22899
20191001 00:06:32.741,1.22892,1.22899
20191001 00:06:32.752,1.2289299999999999,1.22899
20191001 00:06:33.762,1.2289299999999999,1.22901
20191001 00:06:45.144,1.22892,1.22901
20191001 00:06:48.750,1.2289299999999999,1.22901
20191001 00:06:49.578,1.22891,1.22902
20191001 00:06:50.286,1.2289299999999999,1.22902
20191001 00:06:50.289,1.2289299999999999,1.229
20191001 00:06:53.392,1.22892,1.22899
20191001 00:07:00.677,1.2289299999999999,1.22899
20191001 00:07:04.965,1.2289299999999999,1.229
20191001 00:07:16.052,1.22892,1.229
20191001 00:07:19.590,1.2289299999999999,1.229
20191001 00:07:20.783,1.22892,1.22901
20191001 00:07:22.346,1.22892,1.229
20191001 00:07:30.511,1.22892,1.22902
20191001 00:07:30.632,1.22892,1.229
20191001 00:07:33.821,1.22892,1.22901
20191001 00:07:35.533,1.2289299999999999,1.22901
20191001 00:07:36.320,1.2289299999999999,1.229
20191001 00:07:36.765,1.22892,1.229
20191001 00:07:37.102,1.2289299999999999,1.229
20191001 00:07:37.553,1.2289700000000001,1.2290299999999998
20191001 00:07:37.557,1.22898,1.22905
20191001 00:07:37.611,1.229,1.22907
20191001 00:07:45.949,1.229,1.2291100000000001
20191001 00:07:46.007,1.22901,1.22908
20191001 00:07:47.786,1.22902,1.22908
20191001 00:07:48.503,1.22901,1.22908
20191001 00:07:48.505,1.229,1.22906
20191001 00:07:49.286,1.22899,1.22906
20191001 00:07:52.016,1.229,1.22906
20191001 00:07:52.019,1.22899,1.22906
20191001 00:07:52.024,1.22898,1.22905
20191001 00:07:52.879,1.22899,1.22906
20191001 00:07:52.939,1.229,1.22906
20191001 00:07:53.386,1.22902,1.22908
20191001 00:07:53.555,1.22902,1.22909
20191001 00:07:59.045,1.2290299999999998,1.22909
20191001 00:08:00.031,1.22902,1.22909
20191001 00:08:08.230,1.22902,1.2291
20191001 00:08:22.281,1.229,1.2291
20191001 00:08:27.356,1.229,1.22912
20191001 00:08:27.683,1.229,1.2291
20191001 00:08:38.913,1.229,1.2291100000000001
20191001 00:08:41.654,1.229,1.2291
20191001 00:08:45.870,1.229,1.22908
20191001 00:08:47.956,1.229,1.22907
20191001 00:08:48.613,1.22902,1.22907
20191001 00:08:51.615,1.22902,1.22906
20191001 00:08:54.452,1.22902,1.22905
20191001 00:08:57.013,1.22902,1.22906
20191001 00:09:01.332,1.22902,1.22908
20191001 00:09:03.333,1.22901,1.22908
20191001 00:09:03.463,1.22901,1.22906
20191001 00:09:17.897,1.22901,1.22907
20191001 00:09:19.118,1.229,1.22906
20191001 00:09:19.121,1.22899,1.22906
20191001 00:09:19.126,1.22899,1.22905
20191001 00:09:24.132,1.22899,1.2290299999999998
20191001 00:09:24.137,1.2289700000000001,1.22901
20191001 00:09:24.143,1.22895,1.22901
20191001 00:09:24.198,1.22894,1.22901
20191001 00:09:24.208,1.22892,1.22898
20191001 00:09:24.270,1.22892,1.22896
20191001 00:09:25.002,1.22892,1.22899
20191001 00:09:27.756,1.22891,1.22898
20191001 00:09:30.041,1.22895,1.22898
20191001 00:09:35.268,1.22894,1.22898
20191001 00:09:41.588,1.22894,1.22899
20191001 00:09:41.695,1.22895,1.22899
20191001 00:09:43.455,1.22895,1.22898
20191001 00:09:59.238,1.22894,1.22898
20191001 00:10:04.189,1.22894,1.22901
20191001 00:10:05.557,1.2289299999999999,1.22901
20191001 00:10:09.159,1.22892,1.22901
20191001 00:10:10.086,1.2289299999999999,1.22901
20191001 00:10:10.403,1.2289299999999999,1.229
20191001 00:10:10.467,1.2289299999999999,1.22901
20191001 00:10:12.095,1.2289299999999999,1.22899
20191001 00:10:19.238,1.22892,1.22899
20191001 00:10:20.636,1.2289299999999999,1.22899
20191001 00:10:21.057,1.2289299999999999,1.22898
20191001 00:10:23.115,1.22892,1.22898
20191001 00:10:24.345,1.2289299999999999,1.22898
20191001 00:10:28.770,1.22892,1.22898
20191001 00:10:43.115,1.22892,1.22901
20191001 00:10:56.303,1.22892,1.229
20191001 00:10:58.083,1.22891,1.229
20191001 00:10:59.400,1.22892,1.229
20191001 00:11:00.090,1.22892,1.22898
20191001 00:11:00.547,1.22891,1.22898
20191001 00:11:16.057,1.22892,1.22898
20191001 00:11:16.946,1.22892,1.22899
20191001 00:11:17.277,1.22892,1.22898
20191001 00:11:42.237,1.22892,1.22899
20191001 00:11:44.312,1.22892,1.22898
20191001 00:11:44.911,1.22891,1.229
20191001 00:11:44.915,1.22896,1.22902
20191001 00:11:44.968,1.2289700000000001,1.22904
20191001 00:11:44.974,1.22898,1.22904
20191001 00:11:44.977,1.229,1.22906
20191001 00:11:45.546,1.22901,1.22906
20191001 00:11:46.969,1.229,1.22906
20191001 00:11:52.203,1.22898,1.22906
20191001 00:11:52.313,1.22899,1.22906
20191001 00:11:52.426,1.22898,1.22906
20191001 00:11:52.976,1.22898,1.22904
20191001 00:11:52.979,1.2289700000000001,1.22904
20191001 00:11:52.982,1.22896,1.2290299999999998
20191001 00:11:53.037,1.22896,1.22902
20191001 00:11:54.629,1.22896,1.2290299999999998
20191001 00:11:57.968,1.22894,1.229
20191001 00:11:57.973,1.22892,1.22899
20191001 00:11:57.975,1.22891,1.22898
20191001 00:12:07.317,1.2289,1.2289299999999999
20191001 00:12:07.371,1.2288700000000001,1.2289299999999999
20191001 00:12:07.374,1.22886,1.2289299999999999
20191001 00:12:07.434,1.22889,1.22895
20191001 00:12:07.551,1.22888,1.22895
20191001 00:12:17.856,1.2288700000000001,1.22895
20191001 00:12:26.464,1.22889,1.22896
20191001 00:12:27.691,1.22889,1.22894
20191001 00:12:28.771,1.22888,1.22894
20191001 00:12:30.031,1.2289,1.22894
20191001 00:12:47.738,1.2289,1.2289700000000001
20191001 00:12:51.808,1.22886,1.2289700000000001
20191001 00:12:56.247,1.22889,1.2289700000000001
20191001 00:13:01.840,1.22888,1.2289700000000001
20191001 00:13:03.040,1.22889,1.2289700000000001
20191001 00:13:13.267,1.22888,1.2289700000000001
20191001 00:13:15.567,1.22889,1.2289700000000001
20191001 00:13:22.762,1.22889,1.22894
20191001 00:13:30.840,1.22888,1.22894
20191001 00:13:38.132,1.22889,1.22894
20191001 00:13:38.144,1.22889,1.22895
20191001 00:13:39.481,1.2289,1.22895
20191001 00:13:45.449,1.22888,1.22895
20191001 00:13:45.888,1.2289,1.22895
20191001 00:13:50.053,1.2289,1.22898
20191001 00:13:53.690,1.2289,1.2289700000000001
20191001 00:14:11.223,1.22889,1.2289700000000001
20191001 00:14:12.642,1.2289,1.2289700000000001
20191001 00:14:30.966,1.2289,1.22898
20191001 00:14:33.171,1.2289,1.22895
20191001 00:14:38.346,1.22888,1.22895
20191001 00:14:45.626,1.22889,1.22895
20191001 00:14:45.628,1.22889,1.22896
20191001 00:14:45.740,1.2289,1.22896
20191001 00:14:48.453,1.22888,1.22894
20191001 00:14:48.521,1.22888,1.22895
20191001 00:14:48.645,1.2289,1.22895
20191001 00:14:49.935,1.22889,1.22895
20191001 00:14:50.659,1.22889,1.22894
20191001 00:14:50.715,1.22889,1.22895
20191001 00:14:50.826,1.22889,1.22894
20191001 00:14:50.832,1.22889,1.22896
20191001 00:14:50.999,1.22889,1.22894
20191001 00:14:51.059,1.22888,1.22895
20191001 00:14:51.174,1.22888,1.22894
20191001 00:14:51.234,1.2289,1.22895
20191001 00:14:51.295,1.22888,1.22894
20191001 00:14:51.354,1.22888,1.22895
20191001 00:14:51.466,1.22888,1.22894
20191001 00:14:51.530,1.22888,1.2289299999999999
20191001 00:14:51.532,1.2288700000000001,1.2289299999999999
20191001 00:14:51.534,1.2288700000000001,1.22892
20191001 00:14:51.587,1.22885,1.22892
20191001 00:14:51.647,1.22885,1.22891
20191001 00:14:51.764,1.22885,1.2289
20191001 00:14:51.767,1.22885,1.22889
20191001 00:14:52.048,1.22884,1.22889
20191001 00:14:55.028,1.2288299999999999,1.22889
20191001 00:14:58.681,1.2288299999999999,1.2289
20191001 00:14:58.905,1.2288299999999999,1.22891
20191001 00:14:59.341,1.2288299999999999,1.2289
20191001 00:14:59.395,1.22885,1.2289
20191001 00:14:59.398,1.22886,1.2289299999999999
20191001 00:14:59.402,1.2288700000000001,1.22894
20191001 00:14:59.457,1.2289,1.22894
20191001 00:14:59.580,1.2289,1.22896
20191001 00:14:59.912,1.22889,1.22896
20191001 00:15:01.095,1.2289,1.22896
20191001 00:15:01.934,1.22889,1.22896
20191001 00:15:08.988,1.22889,1.2289700000000001
20191001 00:15:09.695,1.22888,1.2289700000000001
20191001 00:15:12.211,1.22889,1.2289700000000001
20191001 00:15:13.518,1.22888,1.2289700000000001
20191001 00:15:15.944,1.22889,1.2289700000000001
20191001 00:15:17.162,1.22888,1.2289700000000001
20191001 00:15:19.435,1.22888,1.22895
20191001 00:15:23.420,1.22889,1.22895
20191001 00:15:24.660,1.22888,1.22895
20191001 00:15:26.026,1.22889,1.22895
20191001 00:15:27.286,1.22888,1.22895
20191001 00:15:28.499,1.22889,1.22895
20191001 00:15:31.074,1.22888,1.22895
20191001 00:15:40.140,1.22888,1.2289700000000001
20191001 00:15:42.368,1.2288700000000001,1.2289700000000001
20191001 00:15:43.777,1.22888,1.2289700000000001
20191001 00:15:47.560,1.22889,1.2289700000000001
20191001 00:15:48.704,1.22888,1.2289700000000001
20191001 00:16:08.579,1.22889,1.2289700000000001
20191001 00:16:09.830,1.22888,1.2289700000000001
20191001 00:16:10.331,1.22889,1.22896
20191001 00:16:10.718,1.2289,1.2289700000000001
20191001 00:16:10.775,1.22891,1.2289700000000001
20191001 00:16:10.827,1.2289,1.2289700000000001
20191001 00:16:16.965,1.22891,1.22898
20191001 00:16:21.616,1.2289299999999999,1.229
20191001 00:16:21.836,1.22894,1.229
20191001 00:16:25.140,1.22894,1.22899
20191001 00:16:25.683,1.2289299999999999,1.22899
20191001 00:16:28.076,1.22892,1.22899
20191001 00:16:30.039,1.22892,1.2289700000000001
20191001 00:16:35.237,1.22892,1.22898
20191001 00:16:35.897,1.22892,1.22896
20191001 00:16:40.873,1.22892,1.22895
20191001 00:16:42.303,1.22892,1.22896
20191001 00:16:47.403,1.22892,1.2289700000000001
20191001 00:16:48.775,1.22892,1.22898
20191001 00:16:48.885,1.22891,1.22898
20191001 00:16:53.896,1.22891,1.2289700000000001
20191001 00:16:56.458,1.22891,1.22898
20191001 00:16:57.717,1.22891,1.2289700000000001
20191001 00:16:59.131,1.22891,1.22898
20191001 00:17:00.133,1.2289,1.22898
20191001 00:17:00.255,1.2289,1.2289700000000001
20191001 00:17:00.257,1.22891,1.2289700000000001
20191001 00:17:01.425,1.22891,1.22896
20191001 00:17:07.818,1.22891,1.22899
20191001 00:17:14.378,1.2289,1.22901
20191001 00:17:18.044,1.2289,1.22898
20191001 00:17:18.824,1.22892,1.22898
20191001 00:17:20.260,1.22892,1.22899
20191001 00:17:22.713,1.22892,1.22898
20191001 00:17:22.933,1.22892,1.22899
20191001 00:17:24.028,1.22892,1.229
20191001 00:17:25.241,1.22892,1.22899
20191001 00:17:27.572,1.22892,1.229
20191001 00:17:28.764,1.22892,1.22899
20191001 00:17:31.080,1.22892,1.229
20191001 00:17:31.191,1.22892,1.22898
20191001 00:17:32.475,1.22892,1.22899
20191001 00:17:34.339,1.22891,1.22899
20191001 00:17:34.784,1.22891,1.22898
20191001 00:17:35.990,1.22891,1.2289700000000001
20191001 00:17:37.458,1.22891,1.22898
20191001 00:17:38.621,1.22891,1.2289700000000001
20191001 00:17:39.790,1.22891,1.22896
20191001 00:17:40.943,1.22891,1.2289700000000001
20191001 00:17:48.707,1.22891,1.22898
20191001 00:17:49.971,1.22891,1.2289700000000001
20191001 00:17:55.066,1.2289,1.2289700000000001
20191001 00:17:55.459,1.22891,1.2289700000000001
20191001 00:17:56.111,1.22891,1.22896
20191001 00:17:56.342,1.2289,1.22896
20191001 00:17:57.404,1.2289,1.2289700000000001
20191001 00:17:57.512,1.22891,1.2289700000000001
20191001 00:17:58.449,1.2289,1.22895
20191001 00:17:58.564,1.22889,1.22895
20191001 00:17:58.854,1.22889,1.22898
20191001 00:18:00.042,1.2289,1.22899
20191001 00:18:00.152,1.22892,1.22901
20191001 00:18:00.551,1.22894,1.22901
20191001 00:18:00.782,1.22891,1.22901
20191001 00:18:01.827,1.2289299999999999,1.22901
20191001 00:18:02.969,1.22894,1.22901
20191001 00:18:03.295,1.22894,1.22902
20191001 00:18:05.590,1.22894,1.229
20191001 00:18:08.866,1.22892,1.229
20191001 00:18:10.781,1.22894,1.229
20191001 00:18:11.874,1.22895,1.229
20191001 00:18:12.202,1.22895,1.22902
20191001 00:18:12.477,1.22895,1.22901
20191001 00:18:14.120,1.22895,1.229
20191001 00:18:14.176,1.2289299999999999,1.229
20191001 00:18:17.926,1.22894,1.229
20191001 00:18:19.063,1.2289299999999999,1.229
20191001 00:18:25.743,1.22892,1.229
20191001 00:18:26.070,1.2289,1.22902
20191001 00:18:27.764,1.2289299999999999,1.22902
20191001 00:18:28.818,1.2289,1.22902
20191001 00:18:29.035,1.22891,1.22902
20191001 00:18:29.146,1.22891,1.22901
20191001 00:18:29.257,1.2289,1.22901
20191001 00:18:29.369,1.22891,1.22902
20191001 00:18:29.926,1.22894,1.22902
20191001 00:18:30.037,1.22891,1.22898
20191001 00:18:30.370,1.2289,1.22898
20191001 00:18:36.292,1.2289,1.22899
20191001 00:18:37.501,1.2289,1.22898
20191001 00:18:38.915,1.2289,1.22899
20191001 00:18:40.296,1.2289,1.22898
20191001 00:18:41.725,1.2289,1.22899
20191001 00:18:42.952,1.2289,1.22898
20191001 00:18:44.427,1.2289,1.22899
20191001 00:18:45.727,1.2289,1.22898
20191001 00:18:47.143,1.2289,1.22899
20191001 00:18:48.075,1.2289,1.2289700000000001
20191001 00:18:48.296,1.22892,1.229
20191001 00:18:49.509,1.22891,1.22899
20191001 00:18:51.968,1.22892,1.229
20191001 00:18:55.471,1.22891,1.22899
20191001 00:18:56.784,1.22892,1.229
20191001 00:18:59.074,1.2289,1.229
20191001 00:19:00.854,1.22892,1.229
20191001 00:19:03.471,1.22891,1.22899
20191001 00:19:04.937,1.22892,1.229
20191001 00:19:06.042,1.2289,1.229
20191001 00:19:08.155,1.22891,1.229
20191001 00:19:08.381,1.2289,1.229
20191001 00:19:08.887,1.22892,1.229
20191001 00:19:10.324,1.2289299999999999,1.229
20191001 00:19:11.615,1.22892,1.229
20191001 00:19:11.848,1.22896,1.22902
20191001 00:19:11.929,1.22894,1.22902
20191001 00:19:12.005,1.22894,1.22901
20191001 00:19:12.089,1.22894,1.229
20191001 00:19:12.140,1.2289299999999999,1.229
20191001 00:19:12.544,1.22892,1.229
20191001 00:19:13.315,1.2289299999999999,1.22901
20191001 00:19:16.336,1.22892,1.229
20191001 00:19:19.023,1.2289299999999999,1.229
20191001 00:19:20.282,1.22892,1.229
20191001 00:19:22.794,1.2289299999999999,1.229
20191001 00:19:24.005,1.22892,1.229
20191001 00:19:28.659,1.2289299999999999,1.229
20191001 00:19:29.881,1.22892,1.229
20191001 00:19:32.384,1.2289299999999999,1.22901
20191001 00:19:33.635,1.22892,1.229
20191001 00:19:34.671,1.2289299999999999,1.229
20191001 00:19:34.833,1.2289299999999999,1.22901
20191001 00:19:37.060,1.22894,1.22901
20191001 00:19:38.242,1.2289299999999999,1.22901
20191001 00:19:51.003,1.22891,1.22901
20191001 00:19:51.329,1.22891,1.22902
20191001 00:19:51.435,1.22892,1.229
20191001 00:19:52.792,1.2289299999999999,1.22901
20191001 00:20:11.183,1.22892,1.229
20191001 00:20:14.856,1.22892,1.22899
20191001 00:20:16.270,1.22892,1.229
20191001 00:20:17.527,1.22892,1.22899
20191001 00:20:20.058,1.22892,1.229
20191001 00:20:21.364,1.22892,1.22899
20191001 00:20:22.670,1.22892,1.229
20191001 00:20:25.169,1.22892,1.22899
20191001 00:20:26.578,1.22892,1.229
20191001 00:20:28.968,1.22892,1.22899
20191001 00:20:30.398,1.22892,1.229
20191001 00:20:31.655,1.22892,1.22899
20191001 00:20:32.092,1.22891,1.22899
20191001 00:20:33.019,1.22892,1.229
20191001 00:20:37.568,1.22895,1.22902
20191001 00:20:37.690,1.22896,1.22902
20191001 00:20:37.745,1.22896,1.22904
20191001 00:20:46.048,1.2289700000000001,1.22905
20191001 00:20:46.220,1.2289700000000001,1.22904
20191001 00:20:54.906,1.2289700000000001,1.2290299999999998
20191001 00:20:56.046,1.2289700000000001,1.22904
20191001 00:20:58.499,1.22896,1.22904
20191001 00:21:00.664,1.22896,1.2290299999999998
20191001 00:21:01.951,1.22896,1.22902
20191001 00:21:01.954,1.22895,1.22902
20191001 00:21:02.011,1.22894,1.22901
20191001 00:21:11.419,1.22895,1.22902
20191001 00:21:11.423,1.22895,1.2290299999999998
20191001 00:21:11.476,1.2289700000000001,1.22904
20191001 00:21:11.482,1.2289700000000001,1.22905
20191001 00:21:12.859,1.2289700000000001,1.2290299999999998
20191001 00:21:14.228,1.2289700000000001,1.22904
20191001 00:21:15.442,1.2289700000000001,1.2290299999999998
20191001 00:21:16.667,1.2289700000000001,1.22904
20191001 00:21:19.469,1.22899,1.22906
20191001 00:21:19.471,1.229,1.22906
20191001 00:21:19.753,1.229,1.22907
20191001 00:21:20.031,1.22901,1.22907
20191001 00:21:26.161,1.22901,1.22908
20191001 00:21:29.869,1.22901,1.22907
20191001 00:21:30.972,1.229,1.22907
20191001 00:21:47.197,1.229,1.2291100000000001
20191001 00:21:49.394,1.229,1.22908
20191001 00:22:06.136,1.2290299999999998,1.2291100000000001
20191001 00:22:06.851,1.2290299999999998,1.22909
20191001 00:22:08.600,1.22904,1.22909
20191001 00:22:08.657,1.22904,1.2291100000000001
20191001 00:22:12.243,1.22904,1.2291
20191001 00:22:13.621,1.22904,1.2291100000000001
20191001 00:22:15.913,1.22904,1.2291
20191001 00:22:22.280,1.22904,1.2291100000000001
20191001 00:22:22.825,1.22904,1.22912
20191001 00:22:23.483,1.22904,1.2291100000000001
20191001 00:22:26.058,1.22904,1.22912
20191001 00:22:28.679,1.2290299999999998,1.22912
20191001 00:22:29.075,1.2290299999999998,1.2291100000000001
20191001 00:22:29.924,1.22902,1.2291100000000001
20191001 00:22:29.980,1.22902,1.2291
20191001 00:22:29.984,1.22902,1.22909
20191001 00:22:29.991,1.22901,1.22909
20191001 00:22:35.960,1.22899,1.22908
20191001 00:22:43.145,1.22899,1.22906
20191001 00:22:43.473,1.22899,1.22908
20191001 00:22:43.526,1.22899,1.22909
20191001 00:22:45.932,1.22899,1.22906
20191001 00:22:46.544,1.229,1.22906
20191001 00:22:46.767,1.229,1.22908
20191001 00:22:47.815,1.229,1.22906
20191001 00:22:48.919,1.229,1.22905
20191001 00:22:51.315,1.229,1.22907
20191001 00:22:51.540,1.229,1.22905
20191001 00:22:51.761,1.229,1.22906
20191001 00:22:55.101,1.22899,1.22906
20191001 00:22:56.194,1.22899,1.22905
20191001 00:22:58.536,1.22899,1.22906
20191001 00:22:59.786,1.22899,1.22905
20191001 00:23:00.005,1.229,1.22905
20191001 00:23:01.041,1.229,1.22906
20191001 00:23:03.396,1.22899,1.22906
20191001 00:23:03.475,1.229,1.22906
20191001 00:23:03.640,1.22901,1.22906
20191001 00:23:06.710,1.2290299999999998,1.22908
20191001 00:23:06.769,1.2290299999999998,1.22909
20191001 00:23:07.509,1.22904,1.2291100000000001
20191001 00:23:07.512,1.22905,1.2291100000000001
20191001 00:23:07.516,1.22906,1.2291100000000001
20191001 00:23:07.688,1.22906,1.2291299999999998
20191001 00:23:07.692,1.22906,1.22912
20191001 00:23:07.694,1.22905,1.2291100000000001
20191001 00:23:07.699,1.22904,1.2291100000000001
20191001 00:23:07.752,1.22904,1.2291
20191001 00:23:07.756,1.2290299999999998,1.2291
20191001 00:23:07.873,1.2290299999999998,1.22908
20191001 00:23:08.375,1.22904,1.2291
20191001 00:23:08.432,1.22906,1.22912
20191001 00:23:08.972,1.22907,1.22914
20191001 00:23:08.976,1.22908,1.22914
20191001 00:23:08.978,1.22909,1.22916
20191001 00:23:08.979,1.2291,1.22916
20191001 00:23:09.324,1.22909,1.22914
20191001 00:23:09.328,1.22908,1.22914
20191001 00:23:09.330,1.22908,1.22912
20191001 00:23:09.333,1.22907,1.22912
20191001 00:23:09.443,1.22905,1.22912
20191001 00:23:09.509,1.22904,1.22912
20191001 00:23:09.733,1.2290299999999998,1.2291
20191001 00:23:09.792,1.22902,1.22909
20191001 00:23:09.908,1.22902,1.22908
20191001 00:23:09.963,1.22901,1.22906
20191001 00:23:10.018,1.22899,1.22906
20191001 00:23:10.253,1.229,1.22906
20191001 00:23:10.764,1.229,1.22907
20191001 00:23:12.740,1.22898,1.22905
20191001 00:23:16.594,1.2289700000000001,1.22904
20191001 00:23:21.150,1.22898,1.22904
20191001 00:23:21.153,1.22899,1.22904
20191001 00:23:21.210,1.22899,1.22906
20191001 00:23:22.107,1.22901,1.22906
20191001 00:23:23.429,1.22901,1.22905
20191001 00:23:26.928,1.22901,1.22906
20191001 00:23:27.037,1.22899,1.22906
20191001 00:23:27.039,1.22898,1.22905
20191001 00:23:27.095,1.2289700000000001,1.22904
20191001 00:23:28.370,1.2289700000000001,1.2290299999999998
20191001 00:23:29.546,1.2289700000000001,1.22904
20191001 00:23:32.112,1.22899,1.22906
20191001 00:23:32.174,1.229,1.22907
20191001 00:23:41.428,1.22898,1.2291
20191001 00:23:42.429,1.22898,1.22909
20191001 00:23:43.426,1.22898,1.2291
20191001 00:23:44.204,1.22899,1.2291
20191001 00:23:47.166,1.22898,1.2291
20191001 00:23:49.563,1.22898,1.22908
20191001 00:23:50.445,1.22898,1.2291
20191001 00:23:53.127,1.22898,1.22907
20191001 00:24:01.322,1.22901,1.22908
20191001 00:24:04.974,1.22905,1.2291100000000001
20191001 00:24:05.029,1.22907,1.2291299999999998
20191001 00:24:05.086,1.22908,1.22915
20191001 00:24:06.089,1.22908,1.22914
20191001 00:24:10.666,1.22906,1.2291299999999998
20191001 00:24:18.125,1.22905,1.22912
20191001 00:24:18.178,1.22904,1.22909
20191001 00:24:18.180,1.22901,1.22908
20191001 00:24:19.258,1.229,1.22907
20191001 00:24:26.428,1.22899,1.22909
20191001 00:24:27.850,1.22899,1.22907
20191001 00:24:31.299,1.22898,1.22907
20191001 00:24:31.735,1.22899,1.22907
20191001 00:24:31.846,1.229,1.22908
20191001 00:24:35.068,1.22899,1.22907
20191001 00:24:35.835,1.22899,1.22908
20191001 00:24:38.502,1.229,1.22908
20191001 00:24:43.505,1.22901,1.22909
20191001 00:24:44.382,1.22901,1.22908
20191001 00:24:46.395,1.229,1.22907
20191001 00:24:46.398,1.22899,1.22906
20191001 00:24:58.220,1.22898,1.22906
20191001 00:24:58.441,1.22899,1.22906
20191001 00:24:58.442,1.229,1.22906
20191001 00:24:58.793,1.229,1.22907
20191001 00:25:00.384,1.229,1.22906
20191001 00:25:08.837,1.229,1.22905
20191001 00:25:11.297,1.229,1.22906
20191001 00:25:11.407,1.22899,1.22906
20191001 00:25:12.403,1.22899,1.22907
20191001 00:25:14.671,1.22899,1.22906
20191001 00:25:15.110,1.22898,1.22906
20191001 00:25:15.221,1.22899,1.22906
20191001 00:25:18.068,1.22899,1.22907
20191001 00:25:20.457,1.22899,1.22906
20191001 00:25:26.142,1.22898,1.22906
20191001 00:25:26.253,1.22899,1.22906
20191001 00:25:29.941,1.22898,1.22906
20191001 00:25:30.749,1.22899,1.22906
20191001 00:25:53.934,1.229,1.22906
20191001 00:25:58.064,1.229,1.22907
20191001 00:26:02.032,1.229,1.22906
20191001 00:26:08.340,1.22899,1.22906
20191001 00:26:10.273,1.22901,1.22908
20191001 00:26:12.616,1.229,1.22907
20191001 00:26:36.002,1.22899,1.22907
20191001 00:26:41.453,1.22899,1.22909
20191001 00:26:41.621,1.22898,1.22909
20191001 00:26:41.730,1.22898,1.22906
20191001 00:26:42.768,1.22898,1.22909
20191001 00:26:42.880,1.22898,1.22907
20191001 00:26:43.384,1.22899,1.22906
20191001 00:26:46.578,1.22898,1.22905
20191001 00:26:46.757,1.22898,1.22904
20191001 00:26:48.349,1.22899,1.22904
20191001 00:26:48.354,1.22899,1.22906
20191001 00:26:52.374,1.22899,1.22905
20191001 00:26:55.985,1.22898,1.22905
20191001 00:26:56.097,1.22899,1.22905
20191001 00:27:00.688,1.22899,1.22906
20191001 00:27:01.454,1.22898,1.22906
20191001 00:27:02.926,1.22901,1.22906
20191001 00:27:03.740,1.22898,1.22906
20191001 00:27:11.368,1.22898,1.22905
20191001 00:27:17.368,1.22898,1.22906
20191001 00:27:22.789,1.22898,1.22905
20191001 00:27:23.234,1.22899,1.22905
20191001 00:27:26.247,1.229,1.22905
20191001 00:27:26.465,1.229,1.22906
20191001 00:27:30.562,1.229,1.22907
20191001 00:27:42.179,1.229,1.22906
20191001 00:27:42.292,1.22899,1.22906
20191001 00:27:44.634,1.22899,1.22909
20191001 00:27:49.152,1.22899,1.22908
20191001 00:27:49.843,1.22898,1.22908
20191001 00:27:54.253,1.22898,1.22905
20191001 00:27:57.362,1.22898,1.22908
20191001 00:27:57.473,1.22899,1.22908
20191001 00:28:00.096,1.229,1.22908
20191001 00:28:03.994,1.229,1.22906
20191001 00:28:04.190,1.229,1.22905
20191001 00:28:09.319,1.22898,1.22905
20191001 00:28:19.315,1.22896,1.22906
20191001 00:28:20.384,1.22896,1.22902
20191001 00:28:20.388,1.22895,1.22901
20191001 00:28:20.446,1.2289299999999999,1.229
20191001 00:28:26.042,1.22895,1.22902
20191001 00:28:26.045,1.22896,1.22902
20191001 00:28:26.046,1.22896,1.2290299999999998
20191001 00:28:28.039,1.22899,1.22906
20191001 00:28:28.041,1.22899,1.22905
20191001 00:28:35.084,1.229,1.22905
20191001 00:28:36.664,1.229,1.22906
20191001 00:28:42.773,1.229,1.22905
20191001 00:28:47.249,1.229,1.22907
20191001 00:28:47.358,1.22899,1.22906
20191001 00:28:48.061,1.2289700000000001,1.22904
20191001 00:28:50.392,1.2289700000000001,1.22899
20191001 00:28:50.394,1.22895,1.22899
20191001 00:28:50.397,1.2289299999999999,1.22899
20191001 00:28:50.451,1.22892,1.22899
20191001 00:28:50.517,1.22892,1.2289700000000001
20191001 00:28:50.689,1.2289,1.22895
20191001 00:28:50.696,1.22886,1.2289299999999999
20191001 00:28:50.751,1.22885,1.22892
20191001 00:28:50.756,1.22884,1.22891
20191001 00:28:50.822,1.22884,1.2289
20191001 00:28:50.879,1.22884,1.22885
20191001 00:28:50.881,1.22882,1.22885
20191001 00:28:50.887,1.22882,1.2288700000000001
20191001 00:28:50.890,1.2288,1.2288700000000001
20191001 00:28:51.014,1.22881,1.2288700000000001
20191001 00:28:58.405,1.2288299999999999,1.22889
20191001 00:29:00.059,1.22885,1.22889
20191001 00:29:03.881,1.22886,1.2289299999999999
20191001 00:29:03.884,1.2288700000000001,1.22895
20191001 00:29:03.940,1.22888,1.22895
20191001 00:29:03.943,1.22889,1.22896
20191001 00:29:04.014,1.2289,1.2289700000000001
20191001 00:29:12.921,1.22886,1.2289299999999999
20191001 00:29:12.928,1.22885,1.22892
20191001 00:29:12.931,1.2288299999999999,1.2289
20191001 00:29:12.997,1.22882,1.22889
20191001 00:29:13.281,1.22885,1.22892
20191001 00:29:13.283,1.22886,1.2289299999999999
20191001 00:29:13.622,1.22888,1.22896
20191001 00:29:14.842,1.22889,1.22896
20191001 00:29:20.509,1.2289,1.2289700000000001
20191001 00:29:20.947,1.22889,1.22895
20191001 00:29:24.285,1.22888,1.22895
20191001 00:29:28.716,1.2289,1.2289700000000001
20191001 00:29:30.029,1.2289,1.22895
20191001 00:29:32.159,1.2288700000000001,1.22894
20191001 00:29:32.166,1.22886,1.2289299999999999
20191001 00:29:32.229,1.22884,1.22891
20191001 00:29:32.237,1.2288299999999999,1.2289
20191001 00:29:32.464,1.2288299999999999,1.22889
20191001 00:29:32.523,1.22885,1.22889
20191001 00:29:33.301,1.22885,1.22892
20191001 00:29:33.306,1.22882,1.22889
20191001 00:29:34.510,1.2288,1.2288700000000001
20191001 00:29:35.176,1.22882,1.2288700000000001
20191001 00:29:35.506,1.2288,1.22884
20191001 00:29:35.561,1.22878,1.22884
20191001 00:29:35.569,1.2287700000000001,1.22885
20191001 00:29:35.622,1.22878,1.22885
20191001 00:29:35.679,1.2287700000000001,1.22885
20191001 00:29:35.737,1.2288,1.22885
20191001 00:29:35.796,1.2288,1.2288700000000001
20191001 00:29:35.849,1.2288,1.22888
20191001 00:29:35.851,1.22882,1.22888
20191001 00:29:36.349,1.22884,1.22888
20191001 00:29:36.456,1.22886,1.2289
20191001 00:29:36.457,1.22886,1.22891
20191001 00:29:36.516,1.22888,1.22894
20191001 00:29:36.520,1.22889,1.22894
20191001 00:29:36.523,1.2289,1.22895
20191001 00:29:36.578,1.2289,1.2289700000000001
20191001 00:29:36.583,1.2289,1.22898
20191001 00:29:36.644,1.22894,1.22898
20191001 00:29:36.649,1.22895,1.22901
20191001 00:29:36.653,1.22895,1.2290299999999998
20191001 00:29:36.655,1.22895,1.22902
20191001 00:29:36.711,1.22895,1.229
20191001 00:29:36.725,1.22895,1.22901
20191001 00:29:36.778,1.22896,1.2290299999999998
20191001 00:29:36.784,1.22895,1.22901
20191001 00:29:36.789,1.22892,1.229
20191001 00:29:38.967,1.2289299999999999,1.229
20191001 00:29:38.971,1.22891,1.22898
20191001 00:29:39.232,1.2289299999999999,1.22898
20191001 00:29:40.566,1.22892,1.22898
20191001 00:29:41.002,1.22894,1.22898
20191001 00:29:43.271,1.2289,1.22898
20191001 00:29:45.668,1.22892,1.22898
20191001 00:29:51.040,1.22891,1.22899
20191001 00:29:52.897,1.22891,1.229
20191001 00:29:55.044,1.22892,1.229
20191001 00:29:59.354,1.22892,1.22899
20191001 00:29:59.415,1.2289,1.22898
20191001 00:29:59.484,1.2289,1.2289700000000001
20191001 00:29:59.557,1.2289,1.22898
20191001 00:30:00.031,1.2289,1.2289700000000001
20191001 00:30:06.023,1.22889,1.22896
20191001 00:30:07.564,1.22889,1.22895
20191001 00:30:09.794,1.22888,1.22895
20191001 00:30:10.545,1.22891,1.22895
20191001 00:30:19.003,1.2289,1.22895
20191001 00:30:25.923,1.2289299999999999,1.22899
20191001 00:30:25.926,1.2289299999999999,1.229
20191001 00:30:34.336,1.2289,1.229
20191001 00:30:45.186,1.2289,1.22894
20191001 00:30:45.238,1.2288700000000001,1.22894
20191001 00:30:45.240,1.2288700000000001,1.22895
20191001 00:30:45.305,1.22889,1.22895
20191001 00:30:45.364,1.2289,1.22895
20191001 00:30:48.986,1.2289,1.2289299999999999
20191001 00:30:52.257,1.2289,1.22896
20191001 00:30:56.014,1.22888,1.22896
20191001 00:30:58.085,1.22891,1.22898
20191001 00:30:58.199,1.22891,1.22899
20191001 00:30:59.519,1.22891,1.2289700000000001
20191001 00:30:59.846,1.22891,1.22896
20191001 00:31:00.063,1.22891,1.22898
20191001 00:31:01.151,1.22891,1.2289700000000001
20191001 00:31:01.326,1.2289,1.2289700000000001
20191001 00:31:01.391,1.2289,1.22895
20191001 00:31:08.695,1.2289,1.22896
20191001 00:31:12.339,1.22891,1.22898
20191001 00:31:12.510,1.22891,1.22899
20191001 00:31:12.562,1.2289299999999999,1.229
20191001 00:31:13.708,1.2289299999999999,1.22899
20191001 00:31:17.261,1.2289299999999999,1.229
20191001 00:31:19.687,1.2289299999999999,1.22898
20191001 00:31:25.004,1.2289,1.22898
20191001 00:31:26.111,1.22892,1.22898
20191001 00:31:34.735,1.22892,1.2289700000000001
20191001 00:31:42.648,1.2289,1.2289700000000001
20191001 00:31:52.773,1.2289,1.22896
20191001 00:32:00.279,1.22891,1.22898
20191001 00:32:00.430,1.2289299999999999,1.22898
20191001 00:32:01.645,1.2289299999999999,1.22899
20191001 00:32:08.864,1.22892,1.22899
20191001 00:32:11.247,1.22892,1.22898
20191001 00:32:11.426,1.22891,1.22898
20191001 00:32:11.501,1.22891,1.22896
20191001 00:32:11.628,1.2289,1.22896
20191001 00:32:11.643,1.2289,1.22895
20191001 00:32:22.939,1.22888,1.22895
20191001 00:32:23.704,1.22888,1.22894
20191001 00:32:24.542,1.22888,1.22896
20191001 00:32:25.780,1.22888,1.2289700000000001
20191001 00:32:28.412,1.22888,1.22898
20191001 00:32:28.758,1.22891,1.22898
20191001 00:32:29.403,1.22892,1.22898
20191001 00:32:29.523,1.22892,1.22899
20191001 00:32:30.027,1.22892,1.229
20191001 00:32:33.019,1.2289299999999999,1.22901
20191001 00:32:36.048,1.2289299999999999,1.229
20191001 00:32:36.116,1.22892,1.229
20191001 00:32:37.431,1.22892,1.22899
20191001 00:32:41.114,1.22891,1.22899
20191001 00:32:50.797,1.22889,1.22901
20191001 00:32:50.855,1.22892,1.229
20191001 00:32:53.334,1.2289299999999999,1.22901
20191001 00:32:54.098,1.2289299999999999,1.229
20191001 00:32:54.154,1.22892,1.229
20191001 00:32:56.837,1.22892,1.22899
20191001 00:32:57.080,1.22892,1.229
20191001 00:32:57.599,1.2289299999999999,1.22901
20191001 00:33:01.114,1.2289299999999999,1.229
20191001 00:33:01.184,1.2289299999999999,1.22901
20191001 00:33:11.299,1.2289,1.22901
20191001 00:33:14.315,1.2289,1.229
20191001 00:33:16.325,1.2289,1.22901
20191001 00:33:16.389,1.2289,1.22902
20191001 00:33:19.494,1.2289,1.22901
20191001 00:33:25.509,1.2289,1.22902
20191001 00:33:27.570,1.2289700000000001,1.2290299999999998
20191001 00:33:27.638,1.22899,1.2290299999999998
20191001 00:33:27.648,1.22906,1.22908
20191001 00:33:27.704,1.22906,1.2291
20191001 00:33:27.707,1.22906,1.22912
20191001 00:33:27.715,1.22906,1.2291100000000001
20191001 00:33:27.719,1.22906,1.2291
20191001 00:33:27.778,1.2290299999999998,1.2291
20191001 00:33:27.780,1.2290299999999998,1.22909
20191001 00:33:27.782,1.22901,1.22909
20191001 00:33:30.018,1.22901,1.22905
20191001 00:33:37.085,1.22898,1.22905
20191001 00:33:37.087,1.229,1.22905
20191001 00:33:39.608,1.229,1.22908
20191001 00:33:40.275,1.229,1.22905
20191001 00:33:42.498,1.22899,1.229
20191001 00:33:42.552,1.22898,1.22898
20191001 00:33:42.555,1.22895,1.22898
20191001 00:33:42.561,1.22895,1.22896
20191001 00:33:42.620,1.2289299999999999,1.22896
20191001 00:33:42.680,1.2289299999999999,1.22898
20191001 00:33:42.682,1.22894,1.22898
20191001 00:33:42.813,1.22894,1.229
20191001 00:33:45.729,1.22894,1.22899
20191001 00:33:49.611,1.22894,1.229
20191001 00:33:49.619,1.2289700000000001,1.22902
20191001 00:33:49.678,1.22898,1.22902
20191001 00:33:49.700,1.229,1.22902
20191001 00:33:49.759,1.2290299999999998,1.22907
20191001 00:33:49.768,1.22902,1.22907
20191001 00:33:50.175,1.229,1.22907
20191001 00:33:50.901,1.229,1.22906
20191001 00:33:56.523,1.229,1.22905
20191001 00:33:56.776,1.22899,1.22905
20191001 00:33:56.841,1.22898,1.22905
20191001 00:33:56.907,1.22899,1.22901
20191001 00:33:56.963,1.22898,1.22901
20191001 00:33:59.717,1.22898,1.229
20191001 00:34:00.048,1.22898,1.22902
20191001 00:34:00.221,1.22898,1.22905
20191001 00:34:08.137,1.22898,1.2290299999999998
20191001 00:34:08.356,1.22896,1.2290299999999998
20191001 00:34:18.068,1.2289700000000001,1.2290299999999998
20191001 00:34:19.821,1.22896,1.22906
20191001 00:34:20.532,1.22896,1.22901
20191001 00:34:20.870,1.22896,1.2290299999999998
20191001 00:34:24.733,1.22895,1.22902
20191001 00:34:36.098,1.2289299999999999,1.22902
20191001 00:34:38.110,1.2289299999999999,1.22901
20191001 00:34:51.890,1.2289299999999999,1.22902
20191001 00:34:58.300,1.22895,1.2290299999999998
20191001 00:34:58.301,1.2289700000000001,1.2290299999999998
20191001 00:34:58.355,1.22898,1.2290299999999998
20191001 00:34:58.412,1.22899,1.22906
20191001 00:34:58.415,1.22901,1.22909
20191001 00:34:58.420,1.22902,1.22909
20191001 00:34:58.422,1.22902,1.2291
20191001 00:34:58.652,1.22902,1.22909
20191001 00:34:59.892,1.22901,1.22909
20191001 00:35:00.055,1.22901,1.22905
20191001 00:35:01.786,1.229,1.22905
20191001 00:35:11.961,1.22901,1.22905
20191001 00:35:26.098,1.22901,1.22907
20191001 00:35:26.208,1.229,1.22907
20191001 00:35:28.540,1.229,1.22906
20191001 00:35:30.133,1.229,1.22907
20191001 00:35:41.023,1.229,1.2291
20191001 00:35:42.530,1.22899,1.22909
20191001 00:35:42.593,1.22899,1.22908
20191001 00:35:45.076,1.22899,1.22907
20191001 00:35:45.080,1.229,1.22907
20191001 00:35:48.400,1.229,1.22905
20191001 00:35:48.679,1.22901,1.22905
20191001 00:35:49.740,1.22898,1.22905
20191001 00:35:52.052,1.22898,1.22902
20191001 00:35:52.834,1.22898,1.22904
20191001 00:35:54.749,1.22898,1.2290299999999998
20191001 00:35:54.888,1.22898,1.22905
20191001 00:35:54.896,1.22899,1.22905
20191001 00:35:55.029,1.229,1.22907
20191001 00:35:55.210,1.229,1.22905
20191001 00:35:56.242,1.229,1.2290299999999998
20191001 00:35:56.245,1.22899,1.2290299999999998
20191001 00:35:56.299,1.22899,1.22905
20191001 00:35:56.303,1.22899,1.2290299999999998
20191001 00:35:57.682,1.22899,1.22905
20191001 00:36:03.439,1.2289700000000001,1.22905
20191001 00:36:03.680,1.2289700000000001,1.2290299999999998
20191001 00:36:03.684,1.229,1.2290299999999998
20191001 00:36:03.696,1.229,1.22905
20191001 00:36:03.758,1.22899,1.22905
20191001 00:36:03.816,1.22899,1.2290299999999998
20191001 00:36:04.538,1.22899,1.22905
20191001 00:36:07.342,1.22899,1.2290299999999998
20191001 00:36:07.458,1.22899,1.22905
20191001 00:36:07.523,1.22899,1.2290299999999998
20191001 00:36:07.584,1.229,1.2290299999999998
20191001 00:36:07.645,1.22899,1.2290299999999998
20191001 00:36:07.774,1.229,1.22904
20191001 00:36:09.611,1.22901,1.22904
20191001 00:36:09.726,1.229,1.22904
20191001 00:36:09.895,1.229,1.22906
20191001 00:36:11.070,1.229,1.22907
20191001 00:36:11.962,1.22901,1.22907
20191001 00:36:17.361,1.22901,1.22908
20191001 00:36:18.598,1.22901,1.22907
20191001 00:36:22.515,1.22901,1.22905
20191001 00:36:23.863,1.22899,1.22905
20191001 00:36:27.119,1.22902,1.22905
20191001 00:36:31.389,1.2290299999999998,1.22907
20191001 00:36:31.572,1.22906,1.22907
20191001 00:36:31.644,1.22906,1.22909
20191001 00:36:31.704,1.22907,1.22909
20191001 00:36:38.711,1.22905,1.22909
20191001 00:36:42.447,1.22905,1.2291
20191001 00:36:46.667,1.22905,1.22912
20191001 00:36:54.924,1.22905,1.2291100000000001
20191001 00:36:55.044,1.22906,1.22909
20191001 00:36:55.051,1.22905,1.22909
20191001 00:36:55.104,1.22904,1.22909
20191001 00:36:55.871,1.22904,1.2291100000000001
20191001 00:36:58.090,1.22904,1.22908
20191001 00:37:00.280,1.2290299999999998,1.22908
20191001 00:37:00.339,1.2290299999999998,1.22907
20191001 00:37:01.456,1.2290299999999998,1.22908
20191001 00:37:11.408,1.22904,1.22908
20191001 00:37:12.112,1.22905,1.22908
20191001 00:37:12.114,1.22905,1.2291
20191001 00:37:12.174,1.22906,1.2291
20191001 00:37:15.447,1.22906,1.2291100000000001
20191001 00:37:17.034,1.22906,1.2291
20191001 00:37:20.111,1.22904,1.2291100000000001
20191001 00:37:21.200,1.22905,1.2291100000000001
20191001 00:37:23.697,1.22905,1.2291
20191001 00:37:24.025,1.22905,1.22912
20191001 00:37:27.482,1.22905,1.2291100000000001
20191001 00:37:28.694,1.22904,1.22912
20191001 00:37:31.216,1.22904,1.2291100000000001
20191001 00:37:33.687,1.22904,1.22912
20191001 00:37:33.797,1.22905,1.22912
20191001 00:37:35.213,1.22905,1.2291
20191001 00:37:35.214,1.22904,1.2291
20191001 00:37:35.385,1.22905,1.2291
20191001 00:37:35.606,1.22904,1.2291
20191001 00:37:37.746,1.22905,1.2291
20191001 00:37:37.754,1.22906,1.2291
20191001 00:37:37.820,1.22906,1.22914
20191001 00:37:37.824,1.22907,1.22915
20191001 00:37:38.143,1.22909,1.22915
20191001 00:37:38.877,1.22907,1.22915
20191001 00:37:45.536,1.22906,1.22916
20191001 00:37:52.726,1.22906,1.22917
20191001 00:37:59.245,1.22907,1.22917
20191001 00:37:59.928,1.22909,1.22917
20191001 00:38:00.047,1.22906,1.22914
20191001 00:38:00.417,1.2291,1.22914
20191001 00:38:00.481,1.2291,1.22916
20191001 00:38:00.617,1.2291,1.22918
20191001 00:38:00.830,1.2291,1.22917
20191001 00:38:02.436,1.2291,1.22918
20191001 00:38:02.439,1.22912,1.22919
20191001 00:38:03.726,1.22912,1.22918
20191001 00:38:04.975,1.22912,1.22919
20191001 00:38:06.157,1.22912,1.22918
20191001 00:38:11.909,1.2291,1.22916
20191001 00:38:12.045,1.2291,1.22918
20191001 00:38:13.222,1.2291100000000001,1.22916
20191001 00:38:14.549,1.2291100000000001,1.22917
20191001 00:38:15.010,1.2291100000000001,1.22915
20191001 00:38:16.343,1.2291100000000001,1.22916
20191001 00:38:17.597,1.2291100000000001,1.22915
20191001 00:38:21.257,1.2291100000000001,1.22916
20191001 00:38:21.757,1.2291,1.22916
20191001 00:38:22.795,1.2291,1.22915
20191001 00:38:24.490,1.2291,1.22916
20191001 00:38:30.490,1.2291,1.22915
20191001 00:38:30.822,1.2291,1.22917
20191001 00:38:32.074,1.2291,1.22916
20191001 00:38:33.597,1.22909,1.22916
20191001 00:38:33.714,1.2291100000000001,1.22916
20191001 00:38:33.728,1.2291100000000001,1.22918
20191001 00:38:33.847,1.2291100000000001,1.22916
20191001 00:38:35.156,1.2291100000000001,1.22917
20191001 00:38:37.467,1.2291,1.22917
20191001 00:38:38.184,1.2291100000000001,1.22917
20191001 00:38:42.692,1.2291100000000001,1.22916
20191001 00:38:46.575,1.2291100000000001,1.22915
20191001 00:38:48.682,1.22909,1.22915
20191001 00:38:55.277,1.2291,1.22915
20191001 00:39:01.305,1.2291,1.22918
20191001 00:39:04.735,1.22909,1.22918
20191001 00:39:04.800,1.22907,1.22914
20191001 00:39:04.857,1.22906,1.2291299999999998
20191001 00:39:04.861,1.22905,1.22912
20191001 00:39:04.868,1.22904,1.22912
20191001 00:39:04.935,1.22904,1.2291100000000001
20191001 00:39:05.007,1.22904,1.22912
20191001 00:39:05.141,1.2290299999999998,1.2291100000000001
20191001 00:39:07.229,1.2290299999999998,1.2291
20191001 00:39:11.981,1.2290299999999998,1.2291100000000001
20191001 00:39:15.970,1.2290299999999998,1.2291
20191001 00:39:17.179,1.2290299999999998,1.2291100000000001
20191001 00:39:18.500,1.2290299999999998,1.2291
20191001 00:39:19.777,1.2290299999999998,1.2291100000000001
20191001 00:39:20.891,1.22902,1.2291
20191001 00:39:22.733,1.2290299999999998,1.2291100000000001
20191001 00:39:29.912,1.22902,1.2291100000000001
20191001 00:39:30.031,1.22905,1.2291100000000001
20191001 00:39:30.707,1.22902,1.2291100000000001
20191001 00:39:30.709,1.229,1.22909
20191001 00:39:32.266,1.229,1.22908
20191001 00:39:34.902,1.229,1.22907
20191001 00:39:37.788,1.22901,1.22907
20191001 00:39:41.048,1.22901,1.22909
20191001 00:39:48.248,1.229,1.22909
20191001 00:39:52.099,1.229,1.22908
20191001 00:39:55.282,1.22901,1.22908
20191001 00:39:56.973,1.22901,1.22909
20191001 00:39:59.299,1.22901,1.22908
20191001 00:40:00.465,1.22901,1.22909
20191001 00:40:01.262,1.229,1.22909
20191001 00:40:06.549,1.229,1.2291
20191001 00:40:13.940,1.229,1.22909
20191001 00:40:21.709,1.229,1.2291
20191001 00:40:22.958,1.229,1.22907
20191001 00:40:26.904,1.229,1.22909
20191001 00:40:30.515,1.229,1.22908
20191001 00:40:31.024,1.229,1.2291
20191001 00:40:33.507,1.229,1.22907
20191001 00:40:50.402,1.229,1.22909
20191001 00:40:57.735,1.229,1.22908
20191001 00:41:09.893,1.229,1.22907
20191001 00:41:33.326,1.229,1.22906
20191001 00:41:37.021,1.229,1.22905
20191001 00:41:39.089,1.22898,1.22905
20191001 00:41:47.613,1.22899,1.22905
20191001 00:41:48.453,1.22899,1.22906
20191001 00:41:58.313,1.22899,1.22907
20191001 00:41:58.588,1.22898,1.22907
20191001 00:41:59.470,1.22898,1.22906
20191001 00:42:34.537,1.22898,1.22907
20191001 00:42:35.825,1.22898,1.22906
20191001 00:42:42.782,1.22902,1.22906
20191001 00:42:59.873,1.229,1.22912
20191001 00:42:59.932,1.229,1.22908
20191001 00:42:59.986,1.2290299999999998,1.22908
20191001 00:43:00.585,1.22905,1.22908
20191001 00:43:00.639,1.22906,1.22908
20191001 00:43:00.643,1.22906,1.2291
20191001 00:43:00.927,1.22906,1.2291299999999998
20191001 00:43:03.287,1.22906,1.22914
20191001 00:43:11.232,1.22906,1.2291299999999998
20191001 00:43:12.429,1.22901,1.2291299999999998
20191001 00:43:23.317,1.22904,1.2291299999999998
20191001 00:43:27.165,1.22904,1.22914
20191001 00:43:32.513,1.22904,1.2291299999999998
20191001 00:43:44.206,1.22904,1.2291100000000001
20191001 00:43:44.214,1.22902,1.2291
20191001 00:43:44.286,1.22902,1.22909
20191001 00:43:45.550,1.22902,1.2291
20191001 00:43:52.730,1.22902,1.22909
20191001 00:43:55.729,1.229,1.22909
20191001 00:44:04.114,1.229,1.22908
20191001 00:44:09.274,1.229,1.22909
20191001 00:44:21.635,1.22899,1.22909
20191001 00:44:31.069,1.229,1.2291
20191001 00:44:39.258,1.22902,1.2291
20191001 00:44:59.909,1.22899,1.2291
20191001 00:45:02.184,1.22901,1.22909
20191001 00:45:02.875,1.22899,1.22907
20191001 00:45:05.733,1.22899,1.22906
20191001 00:45:08.367,1.22899,1.22905
20191001 00:45:14.905,1.22898,1.22905
20191001 00:45:15.243,1.2289700000000001,1.22904
20191001 00:45:15.246,1.2289700000000001,1.22902
20191001 00:45:15.250,1.22895,1.22902
20191001 00:45:15.305,1.22894,1.229
20191001 00:45:15.998,1.22894,1.22902
20191001 00:45:16.961,1.22895,1.2290299999999998
20191001 00:45:17.025,1.22894,1.22902
20191001 00:45:18.915,1.2289700000000001,1.22904
20191001 00:45:18.971,1.2289700000000001,1.22902
20191001 00:45:18.974,1.2289700000000001,1.2290299999999998
20191001 00:45:18.982,1.22898,1.22905
20191001 00:45:19.037,1.22898,1.22904
20191001 00:45:19.043,1.22898,1.22905
20191001 00:45:22.312,1.22899,1.22905
20191001 00:45:22.312,1.22899,1.22906
20191001 00:45:23.604,1.22898,1.22906
20191001 00:45:23.607,1.22898,1.22905
20191001 00:45:27.428,1.22898,1.22902
20191001 00:45:28.869,1.22898,1.22901
20191001 00:45:30.046,1.22898,1.22904
20191001 00:45:33.435,1.22895,1.22904
20191001 00:45:38.888,1.2289700000000001,1.22902
20191001 00:45:38.891,1.2289700000000001,1.229
20191001 00:45:40.089,1.2289700000000001,1.2290299999999998
20191001 00:45:44.484,1.22896,1.2290299999999998
20191001 00:45:46.022,1.22896,1.22901
20191001 00:45:46.024,1.22895,1.229
20191001 00:45:46.083,1.22894,1.229
20191001 00:45:48.673,1.22894,1.22901
20191001 00:45:48.735,1.22894,1.229
20191001 00:45:49.918,1.22894,1.22901
20191001 00:45:49.983,1.22894,1.229
20191001 00:45:50.222,1.22894,1.22899
20191001 00:45:52.865,1.2289299999999999,1.22899
20191001 00:46:00.038,1.2289299999999999,1.229
20191001 00:46:00.107,1.2289299999999999,1.22899
20191001 00:46:00.339,1.2289299999999999,1.229
20191001 00:46:02.931,1.2289299999999999,1.22901
20191001 00:46:05.202,1.2289299999999999,1.229
20191001 00:46:05.980,1.2289299999999999,1.22901
20191001 00:46:08.450,1.2289,1.229
20191001 00:46:12.114,1.2289,1.22901
20191001 00:46:13.132,1.22894,1.22902
20191001 00:46:13.199,1.22896,1.2290299999999998
20191001 00:46:13.211,1.22896,1.22902
20191001 00:46:13.213,1.22895,1.22902
20191001 00:46:13.270,1.22896,1.2290299999999998
20191001 00:46:24.386,1.22895,1.2290299999999998
20191001 00:46:30.028,1.22895,1.2289700000000001
20191001 00:46:36.309,1.22892,1.2289700000000001
20191001 00:46:39.223,1.22896,1.22899
20191001 00:46:39.338,1.22896,1.22901
20191001 00:46:39.392,1.22898,1.22901
20191001 00:46:42.264,1.22896,1.22899
20191001 00:46:45.265,1.22896,1.22898
20191001 00:46:48.102,1.2289299999999999,1.229
20191001 00:46:48.162,1.2289700000000001,1.229
20191001 00:46:48.219,1.22898,1.229
20191001 00:46:48.400,1.22898,1.22902
20191001 00:46:48.402,1.229,1.22902
20191001 00:46:48.587,1.229,1.229
20191001 00:46:48.590,1.22898,1.229
20191001 00:46:48.649,1.2289700000000001,1.229
20191001 00:46:48.818,1.2289700000000001,1.22898
20191001 00:46:58.294,1.22896,1.22898
20191001 00:47:03.306,1.22896,1.229
20191001 00:47:03.751,1.22896,1.22898
20191001 00:47:09.933,1.22892,1.22898
20191001 00:47:09.988,1.22892,1.2289700000000001
20191001 00:47:26.784,1.22898,1.22899
20191001 00:47:26.909,1.22898,1.22901
20191001 00:47:27.026,1.22899,1.22901
20191001 00:47:27.198,1.22896,1.22899
20191001 00:47:27.200,1.22895,1.22899
20191001 00:47:27.261,1.22895,1.2289700000000001
20191001 00:47:27.262,1.2289299999999999,1.2289700000000001
20191001 00:47:28.755,1.2289299999999999,1.22896
20191001 00:47:39.776,1.2289299999999999,1.2289700000000001
20191001 00:47:42.109,1.2289,1.2289700000000001
20191001 00:47:51.194,1.2289,1.22899
20191001 00:47:51.251,1.22895,1.22899
20191001 00:47:54.873,1.22896,1.22899
20191001 00:47:54.876,1.22898,1.22901
20191001 00:47:54.882,1.22899,1.22901
20191001 00:47:55.000,1.2289700000000001,1.22901
20191001 00:47:55.061,1.22898,1.22901
20191001 00:47:56.176,1.22898,1.22902
20191001 00:47:56.229,1.2289700000000001,1.229
20191001 00:47:56.232,1.22895,1.229
20191001 00:47:56.291,1.22894,1.22898
20191001 00:48:02.277,1.22894,1.22899
20191001 00:48:03.459,1.22895,1.22899
20191001 00:48:03.700,1.2289700000000001,1.22901
20191001 00:48:09.427,1.2289700000000001,1.2290299999999998
20191001 00:48:14.196,1.2289700000000001,1.22901
20191001 00:48:14.646,1.22894,1.22901
20191001 00:48:16.756,1.22894,1.229
20191001 00:48:25.934,1.22894,1.22899
20191001 00:48:26.063,1.2289299999999999,1.2289700000000001
20191001 00:48:27.074,1.2289299999999999,1.22899
20191001 00:48:38.290,1.2289,1.22902
20191001 00:48:38.458,1.22894,1.22902
20191001 00:48:38.849,1.2289,1.22902
20191001 00:48:39.957,1.2289,1.229
20191001 00:48:43.725,1.2289,1.22899
20191001 00:48:44.041,1.2289,1.229
20191001 00:48:44.234,1.2289,1.22899
20191001 00:48:47.292,1.2289,1.22898
20191001 00:48:56.942,1.2289,1.2289299999999999
20191001 00:48:56.946,1.22891,1.2289299999999999
20191001 00:48:56.949,1.2288700000000001,1.22892
20191001 00:48:57.003,1.22886,1.22891
20191001 00:48:57.007,1.22884,1.22891
20191001 00:48:57.012,1.22884,1.2289
20191001 00:48:57.067,1.2288299999999999,1.2289
20191001 00:48:57.074,1.22886,1.22891
20191001 00:48:57.128,1.2288700000000001,1.22892
20191001 00:48:57.130,1.2288700000000001,1.2289299999999999
20191001 00:48:57.255,1.22888,1.2289299999999999
20191001 00:49:02.941,1.22886,1.22892
20191001 00:49:03.003,1.22886,1.2289299999999999
20191001 00:49:03.006,1.22886,1.22892
20191001 00:49:03.061,1.22886,1.2289299999999999
20191001 00:49:11.157,1.22885,1.2288700000000001
20191001 00:49:11.164,1.2288,1.22881
20191001 00:49:11.168,1.22878,1.22881
20191001 00:49:11.231,1.22881,1.2288700000000001
20191001 00:49:11.285,1.22882,1.22888
20191001 00:49:11.287,1.22882,1.22889
20191001 00:49:11.290,1.2288299999999999,1.2289
20191001 00:49:11.297,1.2288299999999999,1.22889
20191001 00:49:11.480,1.2288700000000001,1.2289
20191001 00:49:11.535,1.22886,1.2289
20191001 00:49:11.649,1.22884,1.22891
20191001 00:49:11.711,1.22884,1.2289
20191001 00:49:18.306,1.22881,1.22891
20191001 00:49:18.312,1.22881,1.2289
20191001 00:49:18.368,1.22881,1.22891
20191001 00:49:21.322,1.22881,1.2289
20191001 00:49:22.826,1.2288299999999999,1.2289
20191001 00:49:24.181,1.2288299999999999,1.22889
20191001 00:49:25.425,1.22882,1.22889
20191001 00:49:35.738,1.22879,1.22889
20191001 00:49:38.950,1.2288,1.22889
20191001 00:49:40.131,1.22879,1.22889
20191001 00:49:40.684,1.22879,1.2289
20191001 00:49:48.341,1.2288,1.2288299999999999
20191001 00:49:48.344,1.22879,1.2288299999999999
20191001 00:49:50.621,1.2287700000000001,1.2288299999999999
20191001 00:49:50.844,1.2287700000000001,1.22882
20191001 00:50:00.935,1.22876,1.22882
20191001 00:50:01.046,1.22876,1.2288299999999999
20191001 00:50:06.667,1.22876,1.22882
20191001 00:50:14.835,1.22876,1.2288299999999999
20191001 00:50:19.581,1.22872,1.2288299999999999
20191001 00:50:20.935,1.22874,1.22881
20191001 00:50:20.942,1.2287299999999999,1.22881
20191001 00:50:21.079,1.2287299999999999,1.2288
20191001 00:50:22.232,1.22876,1.22881
20191001 00:50:22.287,1.22876,1.22882
20191001 00:50:22.342,1.22876,1.2288299999999999
20191001 00:50:31.001,1.2287700000000001,1.2288299999999999
20191001 00:50:34.836,1.22878,1.2288299999999999
20191001 00:50:44.250,1.22879,1.22885
20191001 00:50:55.183,1.22878,1.22885
20191001 00:50:59.170,1.2287700000000001,1.22885
20191001 00:51:00.054,1.2287700000000001,1.2288
20191001 00:51:14.310,1.2287700000000001,1.22885
20191001 00:51:14.527,1.2287700000000001,1.2288
20191001 00:51:16.323,1.22878,1.2288
20191001 00:51:17.981,1.2288,1.22885
20191001 00:51:17.987,1.22884,1.22885
20191001 00:51:17.990,1.22885,1.22885
20191001 00:51:18.055,1.22885,1.2288700000000001
20191001 00:51:18.118,1.22885,1.22885
20191001 00:51:18.231,1.22884,1.22885
20191001 00:51:18.822,1.22884,1.22886
20191001 00:51:25.052,1.22884,1.22885
20191001 00:51:25.218,1.22884,1.22886
20191001 00:51:26.094,1.22882,1.22886
20191001 00:51:28.877,1.22882,1.22891
20191001 00:51:30.062,1.22882,1.22885
20191001 00:51:31.741,1.22885,1.22885
20191001 00:51:32.027,1.2288700000000001,1.22894
20191001 00:51:32.137,1.2288700000000001,1.2288700000000001
20191001 00:51:32.806,1.2288700000000001,1.22889
20191001 00:51:32.808,1.2288700000000001,1.22891
20191001 00:51:33.190,1.2288700000000001,1.22889
20191001 00:51:33.862,1.2288700000000001,1.2289
20191001 00:51:34.195,1.2288700000000001,1.22888
20191001 00:51:34.366,1.2288700000000001,1.2289
20191001 00:51:34.745,1.2288700000000001,1.2288700000000001
20191001 00:51:34.911,1.2288700000000001,1.2289
20191001 00:51:35.242,1.2288700000000001,1.2288700000000001
20191001 00:51:35.370,1.2288700000000001,1.2289
20191001 00:51:35.752,1.2288700000000001,1.2288700000000001
20191001 00:51:35.870,1.22888,1.22896
20191001 00:51:35.927,1.22888,1.2289
20191001 00:51:36.306,1.22885,1.2288700000000001
20191001 00:51:36.478,1.22888,1.2289
20191001 00:51:36.811,1.22885,1.22886
20191001 00:51:37.032,1.22888,1.2289
20191001 00:51:37.368,1.22885,1.22886
20191001 00:51:37.533,1.22888,1.2289
20191001 00:51:37.865,1.22885,1.22886
20191001 00:51:38.030,1.22886,1.22886
20191001 00:51:38.430,1.2288299999999999,1.22884
20191001 00:51:38.878,1.22886,1.22889
20191001 00:51:39.929,1.22886,1.2288700000000001
20191001 00:51:42.605,1.22886,1.22888
20191001 00:51:44.260,1.22888,1.2289
20191001 00:51:44.326,1.22888,1.22892
20191001 00:51:44.335,1.22888,1.2289
20191001 00:51:44.391,1.2288700000000001,1.2289
20191001 00:51:44.673,1.2288700000000001,1.22888
20191001 00:51:45.419,1.22886,1.22888
20191001 00:51:46.226,1.2288700000000001,1.2289
20191001 00:51:46.694,1.22886,1.2289
20191001 00:51:46.757,1.22886,1.22888
20191001 00:51:47.202,1.2288700000000001,1.2289
20191001 00:51:47.204,1.22888,1.2289
20191001 00:51:47.262,1.2288700000000001,1.2289
20191001 00:51:48.046,1.22886,1.22888
20191001 00:51:48.099,1.22885,1.2288700000000001
20191001 00:51:48.101,1.2288299999999999,1.22886
20191001 00:51:48.156,1.22882,1.22886
20191001 00:51:48.214,1.2288299999999999,1.22886
20191001 00:51:48.273,1.2288299999999999,1.22884
20191001 00:51:48.788,1.2288299999999999,1.2288299999999999
20191001 00:51:49.938,1.2288299999999999,1.22884
20191001 00:51:50.989,1.22884,1.22884
20191001 00:51:52.405,1.2288,1.2288299999999999
20191001 00:51:53.282,1.22881,1.2288299999999999
20191001 00:51:57.808,1.22884,1.22886
20191001 00:51:58.903,1.22881,1.2288299999999999
20191001 00:51:59.340,1.2288,1.2288299999999999
20191001 00:52:00.216,1.2288,1.22885
20191001 00:52:02.442,1.22881,1.22885
20191001 00:52:04.043,1.22888,1.2289299999999999
20191001 00:52:04.048,1.22889,1.22895
20191001 00:52:04.051,1.2288700000000001,1.2288700000000001
20191001 00:52:04.107,1.2288700000000001,1.22889
20191001 00:52:04.221,1.2288700000000001,1.2288700000000001
20191001 00:52:04.225,1.22886,1.2288700000000001
20191001 00:52:04.344,1.22888,1.22889
20191001 00:52:06.918,1.22885,1.2288700000000001
20191001 00:52:06.920,1.2288700000000001,1.2288700000000001
20191001 00:52:08.033,1.2288700000000001,1.22888
20191001 00:52:11.916,1.2288700000000001,1.22891
20191001 00:52:13.084,1.2288700000000001,1.2289
20191001 00:52:14.503,1.2288700000000001,1.22891
20191001 00:52:17.086,1.22888,1.22891
20191001 00:52:17.142,1.22888,1.2289299999999999
20191001 00:52:17.200,1.22889,1.2289299999999999
20191001 00:52:17.596,1.22889,1.22892
20191001 00:52:17.649,1.2288700000000001,1.22892
20191001 00:52:17.654,1.2288700000000001,1.2289299999999999
20191001 00:52:17.659,1.2288700000000001,1.22891
20191001 00:52:18.896,1.2288700000000001,1.2288700000000001
20191001 00:52:19.685,1.2288700000000001,1.22889
20191001 00:52:19.747,1.22889,1.22891
20191001 00:52:19.810,1.22889,1.2289
20191001 00:52:19.879,1.22888,1.2289
20191001 00:52:19.945,1.22888,1.22888
20191001 00:52:21.944,1.22886,1.22888
20191001 00:52:22.489,1.22886,1.22889
20191001 00:52:24.885,1.22886,1.22888
20191001 00:52:26.021,1.22886,1.22889
20191001 00:52:27.833,1.22888,1.22889
20191001 00:52:27.895,1.22888,1.22891
20191001 00:52:27.955,1.22889,1.22891
20191001 00:52:29.034,1.22889,1.2289
20191001 00:52:29.880,1.22889,1.22891
20191001 00:52:30.044,1.22889,1.22889
20191001 00:52:30.991,1.2288700000000001,1.2288700000000001
20191001 00:52:30.996,1.22885,1.2288700000000001
20191001 00:52:30.998,1.2288299999999999,1.2288700000000001
20191001 00:52:31.054,1.2288299999999999,1.22885
20191001 00:52:31.056,1.2288299999999999,1.2288299999999999
20191001 00:52:31.120,1.22885,1.22885
20191001 00:52:31.122,1.22886,1.22892
20191001 00:52:31.182,1.2289,1.2289299999999999
20191001 00:52:31.240,1.22892,1.22895
20191001 00:52:31.243,1.22888,1.22889
20191001 00:52:31.245,1.2289299999999999,1.22895
20191001 00:52:31.248,1.22889,1.22891
20191001 00:52:31.319,1.22892,1.22898
20191001 00:52:31.387,1.22892,1.229
20191001 00:52:31.520,1.22891,1.22891
20191001 00:52:31.865,1.22889,1.2289
20191001 00:52:32.308,1.2289,1.2289
20191001 00:52:32.644,1.22889,1.2289
20191001 00:52:32.864,1.2289,1.2289
20191001 00:52:32.978,1.22891,1.22891
20191001 00:52:34.661,1.22892,1.229
20191001 00:52:35.444,1.22889,1.22891
20191001 00:52:35.558,1.2289,1.22891
20191001 00:52:35.886,1.22889,1.22891
20191001 00:52:36.215,1.2289,1.22891
20191001 00:52:36.434,1.22889,1.22891
20191001 00:52:36.657,1.2289,1.22891
20191001 00:52:36.985,1.22889,1.22891
20191001 00:52:37.104,1.2289,1.22891
20191001 00:52:37.516,1.22889,1.22891
20191001 00:52:37.627,1.22892,1.2289299999999999
20191001 00:52:38.940,1.22892,1.22892
20191001 00:52:41.199,1.22892,1.2289299999999999
20191001 00:52:41.751,1.2289,1.22891
20191001 00:52:41.805,1.22892,1.22892
20191001 00:52:43.447,1.22891,1.22892
20191001 00:52:43.782,1.2289,1.22892
20191001 00:52:43.784,1.2289,1.22891
20191001 00:52:48.797,1.2289,1.2289
20191001 00:52:51.241,1.2289,1.22892
20191001 00:52:51.789,1.2289,1.2289
20191001 00:52:52.905,1.2289,1.22891
20191001 00:52:54.036,1.22888,1.22891
20191001 00:52:54.038,1.22888,1.2289
20191001 00:52:54.952,1.22889,1.2289
20191001 00:52:57.554,1.22886,1.2288700000000001
20191001 00:52:57.560,1.2288,1.22885
20191001 00:52:57.564,1.2288,1.2288299999999999
20191001 00:52:57.568,1.22881,1.2288299999999999
20191001 00:52:57.686,1.22882,1.2288299999999999
20191001 00:52:57.855,1.22882,1.22884
20191001 00:53:00.060,1.22882,1.22889
20191001 00:53:03.483,1.22882,1.2289
20191001 00:53:03.945,1.22882,1.22889
20191001 00:53:04.883,1.22882,1.2289
20191001 00:53:07.752,1.2288,1.2289
20191001 00:53:11.525,1.2288,1.22891
20191001 00:53:12.769,1.2288,1.2289
20191001 00:53:15.225,1.2288,1.22882
20191001 00:53:15.279,1.2287700000000001,1.22882
20191001 00:53:15.282,1.22875,1.22882
20191001 00:53:15.286,1.22878,1.22884
20191001 00:53:15.288,1.22879,1.22885
20191001 00:53:15.343,1.22879,1.2288
20191001 00:53:15.348,1.22876,1.22881
20191001 00:53:15.352,1.22874,1.22879
20191001 00:53:15.357,1.22874,1.2288
20191001 00:53:15.415,1.22878,1.22885
20191001 00:53:15.422,1.2287700000000001,1.22884
20191001 00:53:15.430,1.2288,1.22884
20191001 00:53:15.485,1.2288,1.2288700000000001
20191001 00:53:15.488,1.2288,1.22886
20191001 00:53:15.495,1.22881,1.2288700000000001
20191001 00:53:15.557,1.22881,1.22889
20191001 00:53:15.572,1.22881,1.22888
20191001 00:53:15.630,1.22881,1.22889
20191001 00:53:20.600,1.22882,1.2289
20191001 00:53:30.037,1.22882,1.22885
20191001 00:53:30.040,1.22886,1.22886
20191001 00:53:30.095,1.22886,1.22888
20191001 00:53:30.102,1.22886,1.2289
20191001 00:53:30.156,1.22885,1.2289
20191001 00:53:30.158,1.22885,1.2288700000000001
20191001 00:53:30.219,1.22884,1.2288700000000001
20191001 00:53:30.220,1.2288299999999999,1.22886
20191001 00:53:30.275,1.2288299999999999,1.22885
20191001 00:53:30.331,1.2288299999999999,1.2288700000000001
20191001 00:53:30.390,1.2288299999999999,1.22885
20191001 00:53:32.445,1.2288299999999999,1.22886
20191001 00:53:33.763,1.2288299999999999,1.2288700000000001
20191001 00:53:36.418,1.2288299999999999,1.22886
20191001 00:53:40.847,1.22879,1.22886
20191001 00:53:41.693,1.22879,1.22885
20191001 00:53:45.164,1.22879,1.22889
20191001 00:53:45.984,1.22879,1.22891
20191001 00:53:46.431,1.22878,1.22879
20191001 00:53:46.434,1.2287700000000001,1.22882
20191001 00:53:46.437,1.2287299999999999,1.22881
20191001 00:53:46.494,1.2287299999999999,1.22878
20191001 00:53:46.613,1.22876,1.2288299999999999
20191001 00:53:46.667,1.2287700000000001,1.2288299999999999
20191001 00:53:46.673,1.2287700000000001,1.22884
20191001 00:53:46.679,1.22879,1.22884
20191001 00:53:46.732,1.22879,1.22885
20191001 00:53:46.734,1.2287700000000001,1.22884
20191001 00:53:46.736,1.22879,1.22886
20191001 00:53:46.738,1.22879,1.2288700000000001
20191001 00:53:46.791,1.22881,1.22888
20191001 00:53:46.795,1.22881,1.2288700000000001
20191001 00:53:46.797,1.22881,1.22889
20191001 00:53:48.761,1.22882,1.22889
20191001 00:53:49.114,1.22882,1.2289
20191001 00:53:51.316,1.22882,1.22889
20191001 00:53:51.385,1.22881,1.22889
20191001 00:53:52.437,1.22878,1.2288299999999999
20191001 00:53:52.442,1.2287700000000001,1.2288299999999999
20191001 00:53:52.452,1.22876,1.22882
20191001 00:53:52.521,1.22876,1.22881
20191001 00:53:53.323,1.22874,1.22881
20191001 00:53:57.072,1.22874,1.22878
20191001 00:53:58.944,1.22874,1.22881
20191001 00:53:59.127,1.22872,1.22876
20191001 00:53:59.181,1.22872,1.22878
20191001 00:53:59.236,1.22872,1.22879
20191001 00:53:59.349,1.2287299999999999,1.22879
20191001 00:53:59.526,1.2287299999999999,1.2288
20191001 00:53:59.755,1.2287299999999999,1.2287700000000001
20191001 00:53:59.759,1.22871,1.2287700000000001
20191001 00:53:59.761,1.22871,1.22878
20191001 00:53:59.878,1.22871,1.22879
20191001 00:54:00.053,1.22871,1.22878
20191001 00:54:00.121,1.22871,1.22879
20191001 00:54:00.861,1.2286700000000002,1.22868
20191001 00:54:00.916,1.22868,1.2287299999999999
20191001 00:54:00.920,1.22868,1.22874
20191001 00:54:00.925,1.22866,1.2287
20191001 00:54:00.983,1.22866,1.22871
20191001 00:54:01.052,1.22866,1.22872
20191001 00:54:01.064,1.22868,1.22874
20191001 00:54:02.704,1.22868,1.22875
20191001 00:54:02.769,1.2287,1.22876
20191001 00:54:02.773,1.22869,1.22876
20191001 00:54:02.883,1.22868,1.2287299999999999
20191001 00:54:02.888,1.22866,1.22871
20191001 00:54:02.948,1.22865,1.22871
20191001 00:54:02.952,1.22865,1.2287
20191001 00:54:02.958,1.22866,1.22871
20191001 00:54:03.013,1.2286700000000002,1.2287299999999999
20191001 00:54:03.017,1.22869,1.22876
20191001 00:54:03.021,1.22871,1.22876
20191001 00:54:03.080,1.22871,1.2287700000000001
20191001 00:54:03.093,1.22871,1.22876
20191001 00:54:03.203,1.22869,1.22876
20191001 00:54:03.383,1.2286700000000002,1.22871
20191001 00:54:03.437,1.22865,1.22871
20191001 00:54:05.074,1.2286299999999999,1.2286700000000002
20191001 00:54:05.083,1.22861,1.2286700000000002
20191001 00:54:05.087,1.2286299999999999,1.22868
20191001 00:54:05.091,1.22861,1.22868
20191001 00:54:05.104,1.22861,1.2286700000000002
20191001 00:54:05.158,1.2286299999999999,1.2286700000000002
20191001 00:54:05.166,1.2286299999999999,1.22865
20191001 00:54:05.220,1.2286299999999999,1.2287
20191001 00:54:05.227,1.2286,1.22862
20191001 00:54:05.290,1.2286,1.2286700000000002
20191001 00:54:05.294,1.2286,1.22868
20191001 00:54:05.300,1.2285700000000002,1.22865
20191001 00:54:05.309,1.22858,1.22865
20191001 00:54:05.362,1.22859,1.22865
20191001 00:54:05.371,1.2286,1.22865
20191001 00:54:05.432,1.22861,1.22865
20191001 00:54:05.505,1.22862,1.22865
20191001 00:54:05.810,1.22866,1.2287
20191001 00:54:05.814,1.2286700000000002,1.2287
20191001 00:54:05.873,1.22868,1.2287
20191001 00:54:05.874,1.2286700000000002,1.22868
20191001 00:54:05.930,1.22868,1.2287
20191001 00:54:06.055,1.22866,1.2287
20191001 00:54:06.061,1.22865,1.2287
20191001 00:54:07.987,1.22862,1.2286299999999999
20191001 00:54:07.993,1.22859,1.22865
20191001 00:54:08.049,1.22862,1.22865
20191001 00:54:08.123,1.22862,1.22866
20191001 00:54:08.135,1.22862,1.22865
20191001 00:54:09.023,1.22862,1.22866
20191001 00:54:09.390,1.22862,1.22865
20191001 00:54:09.505,1.22861,1.22865
20191001 00:54:09.563,1.22861,1.2286299999999999
20191001 00:54:10.258,1.22858,1.22861
20191001 00:54:10.267,1.22858,1.2286
20191001 00:54:10.325,1.2285700000000002,1.2286
20191001 00:54:10.390,1.22854,1.22858
20191001 00:54:10.399,1.22853,1.2286
20191001 00:54:10.486,1.22853,1.22858
20191001 00:54:10.605,1.22853,1.2286
20191001 00:54:11.051,1.22852,1.2286
20191001 00:54:12.700,1.22852,1.22856
20191001 00:54:12.772,1.22852,1.22858
20191001 00:54:14.534,1.22852,1.22856
20191001 00:54:15.303,1.22852,1.22855
20191001 00:54:15.307,1.2285,1.22853
20191001 00:54:15.369,1.2285,1.22855
20191001 00:54:15.434,1.2284899999999999,1.22853
20191001 00:54:15.437,1.22848,1.22851
20191001 00:54:15.443,1.22846,1.22851
20191001 00:54:15.447,1.22845,1.22851
20191001 00:54:15.510,1.22845,1.2285
20191001 00:54:15.514,1.22844,1.2285
20191001 00:54:15.686,1.22844,1.22851
20191001 00:54:15.919,1.22844,1.2285
20191001 00:54:17.937,1.22843,1.22843
20191001 00:54:17.940,1.22838,1.22843
20191001 00:54:17.945,1.2283899999999999,1.22843
20191001 00:54:17.947,1.2284,1.22843
20191001 00:54:18.066,1.22842,1.22846
20191001 00:54:18.125,1.22843,1.22846
20191001 00:54:18.127,1.22843,1.22848
20191001 00:54:18.186,1.22842,1.22848
20191001 00:54:19.272,1.22842,1.2284899999999999
20191001 00:54:21.533,1.2283899999999999,1.22843
20191001 00:54:21.588,1.22838,1.22843
20191001 00:54:21.593,1.22838,1.22841
20191001 00:54:21.594,1.2283600000000001,1.22841
20191001 00:54:21.653,1.2283600000000001,1.22842
20191001 00:54:21.837,1.2283600000000001,1.22841
20191001 00:54:21.839,1.22835,1.22841
20191001 00:54:22.079,1.22834,1.22841
20191001 00:54:22.084,1.22833,1.2284
20191001 00:54:22.091,1.22833,1.2283899999999999
20191001 00:54:22.723,1.22833,1.22841
20191001 00:54:22.779,1.22837,1.22841
20191001 00:54:22.785,1.2284,1.22845
20191001 00:54:22.793,1.22844,1.2284700000000002
20191001 00:54:22.848,1.22845,1.2284700000000002
20191001 00:54:22.851,1.22845,1.2284899999999999
20191001 00:54:22.862,1.22843,1.2284899999999999
20191001 00:54:22.917,1.22843,1.2285
20191001 00:54:22.921,1.22842,1.2285
20191001 00:54:23.038,1.22842,1.2284899999999999
20191001 00:54:23.043,1.22841,1.2284899999999999
20191001 00:54:23.779,1.2284,1.2284700000000002
20191001 00:54:24.096,1.2284,1.22845
20191001 00:54:24.155,1.22838,1.22845
20191001 00:54:24.507,1.22837,1.22843
20191001 00:54:24.509,1.22837,1.22842
20191001 00:54:24.564,1.22835,1.22842
20191001 00:54:24.566,1.22834,1.22841
20191001 00:54:24.844,1.22833,1.2284
20191001 00:54:25.523,1.22833,1.22841
20191001 00:54:26.609,1.2283,1.2283600000000001
20191001 00:54:26.613,1.2283,1.22838
20191001 00:54:26.673,1.2283,1.22835
20191001 00:54:26.676,1.2282799999999998,1.22833
20191001 00:54:26.738,1.22827,1.22833
20191001 00:54:26.752,1.2282799999999998,1.22834
20191001 00:54:27.022,1.22827,1.22834
20191001 00:54:28.784,1.2282899999999999,1.2283600000000001
20191001 00:54:28.787,1.2283,1.22838
20191001 00:54:28.846,1.22831,1.2283899999999999
20191001 00:54:29.311,1.2282899999999999,1.22833
20191001 00:54:29.365,1.22827,1.22833
20191001 00:54:29.368,1.22827,1.22834
20191001 00:54:29.375,1.2282899999999999,1.22834
20191001 00:54:29.428,1.22827,1.22834
20191001 00:54:29.432,1.2282600000000001,1.22834
20191001 00:54:29.435,1.22825,1.22832
20191001 00:54:29.613,1.2282600000000001,1.22833
20191001 00:54:29.844,1.22823,1.22823
20191001 00:54:29.849,1.2282,1.22825
20191001 00:54:29.906,1.22822,1.2282799999999998
20191001 00:54:29.909,1.22822,1.2282899999999999
20191001 00:54:31.782,1.2281799999999998,1.22821
20191001 00:54:31.838,1.2281600000000001,1.2282
20191001 00:54:31.842,1.22813,1.22817
20191001 00:54:31.846,1.22812,1.22817
20191001 00:54:31.849,1.22811,1.2281799999999998
20191001 00:54:31.854,1.22813,1.2282
20191001 00:54:31.909,1.22814,1.22821
20191001 00:54:31.970,1.22815,1.22822
20191001 00:54:31.988,1.22817,1.22824
20191001 00:54:32.046,1.22819,1.2282600000000001
20191001 00:54:32.056,1.2282,1.22827
20191001 00:54:32.331,1.22822,1.2282899999999999
20191001 00:54:32.333,1.22823,1.2283
20191001 00:54:32.394,1.22822,1.2283
20191001 00:54:33.212,1.22821,1.2282899999999999
20191001 00:54:34.104,1.22822,1.2283
20191001 00:54:37.835,1.22823,1.22831
20191001 00:54:37.840,1.22824,1.22832
20191001 00:54:37.896,1.2282600000000001,1.22833
20191001 00:54:38.010,1.22825,1.22831
20191001 00:54:38.012,1.22823,1.22831
20191001 00:54:38.073,1.22822,1.2283
20191001 00:54:41.744,1.22824,1.22832
20191001 00:54:41.798,1.2282600000000001,1.22832
20191001 00:54:41.804,1.2282600000000001,1.22833
20191001 00:54:41.807,1.22827,1.22833
20191001 00:54:41.921,1.2282600000000001,1.22827
20191001 00:54:41.927,1.22817,1.22825
20191001 00:54:41.983,1.22817,1.22822
20191001 00:54:41.987,1.22817,1.22823
20191001 00:54:42.047,1.22815,1.22823
20191001 00:54:42.053,1.22815,1.22822
20191001 00:54:42.056,1.22815,1.22821
20191001 00:54:42.057,1.22815,1.22822
20191001 00:54:42.115,1.2281600000000001,1.22822
20191001 00:54:42.789,1.22813,1.22821
20191001 00:54:42.845,1.22812,1.22819
20191001 00:54:42.980,1.22815,1.22819
20191001 00:54:42.982,1.22815,1.22821
20191001 00:54:42.986,1.22815,1.22822
20191001 00:54:43.108,1.2281600000000001,1.22822
20191001 00:54:43.250,1.2281600000000001,1.22821
20191001 00:54:44.475,1.22814,1.2281799999999998
20191001 00:54:44.479,1.22812,1.2281799999999998
20191001 00:54:45.110,1.22812,1.22819
20191001 00:54:45.536,1.22811,1.22819
20191001 00:54:49.066,1.22811,1.22817
20191001 00:54:49.293,1.22809,1.22817
20191001 00:54:49.298,1.22809,1.22815
20191001 00:54:49.464,1.22811,1.22815
20191001 00:54:51.018,1.22811,1.2281600000000001
20191001 00:54:52.345,1.22811,1.22817
20191001 00:54:52.507,1.22812,1.22817
20191001 00:54:53.819,1.22812,1.2281799999999998
20191001 00:54:54.128,1.22813,1.2281799999999998
20191001 00:54:54.668,1.22812,1.2281799999999998
20191001 00:54:55.881,1.22814,1.2282
20191001 00:54:55.937,1.22817,1.2282
20191001 00:54:56.002,1.2281600000000001,1.2282
20191001 00:54:56.069,1.22817,1.2282
20191001 00:54:56.536,1.2281600000000001,1.2282
20191001 00:54:56.618,1.22817,1.2282
20191001 00:54:57.358,1.22817,1.22821
20191001 00:54:59.205,1.2281600000000001,1.22821
20191001 00:54:59.263,1.22815,1.22819
20191001 00:54:59.267,1.22814,1.22819
20191001 00:54:59.283,1.22812,1.22817
20191001 00:54:59.406,1.22814,1.22822
20191001 00:54:59.461,1.2281,1.22813
20191001 00:54:59.465,1.22807,1.2281
20191001 00:54:59.469,1.22799,1.22803
20191001 00:54:59.474,1.22796,1.22801
20191001 00:54:59.536,1.2279799999999998,1.22801
20191001 00:54:59.601,1.228,1.22801
20191001 00:54:59.619,1.228,1.228
20191001 00:54:59.679,1.2279799999999998,1.22799
20191001 00:54:59.688,1.22796,1.22799
20191001 00:54:59.696,1.22796,1.228
20191001 00:54:59.705,1.228,1.2280200000000001
20191001 00:54:59.834,1.22797,1.22804
20191001 00:54:59.878,1.22797,1.22805
20191001 00:54:59.948,1.2279799999999998,1.22805
20191001 00:54:59.952,1.22799,1.22807
20191001 00:55:00.018,1.228,1.22807
20191001 00:55:00.024,1.22801,1.2280799999999998
20191001 00:55:00.091,1.2280200000000001,1.2280799999999998
20191001 00:55:00.177,1.2280200000000001,1.22807
20191001 00:55:00.377,1.22804,1.2280799999999998
20191001 00:55:00.392,1.22804,1.22809
20191001 00:55:00.398,1.22805,1.22809
20191001 00:55:00.456,1.22805,1.2281
20191001 00:55:00.466,1.22804,1.22805
20191001 00:55:00.470,1.2279799999999998,1.2279799999999998
20191001 00:55:00.477,1.22797,1.22797
20191001 00:55:00.534,1.22795,1.22795
20191001 00:55:00.551,1.22793,1.22795
20191001 00:55:00.605,1.22795,1.22795
20191001 00:55:00.606,1.22793,1.22795
20191001 00:55:00.610,1.22793,1.22797
20191001 00:55:00.618,1.22795,1.22797
20191001 00:55:00.624,1.22795,1.2279799999999998
20191001 00:55:00.679,1.22793,1.2279799999999998
20191001 00:55:00.702,1.22793,1.22799
20191001 00:55:00.758,1.22795,1.22799
20191001 00:55:00.769,1.22795,1.22801
20191001 00:55:01.257,1.22796,1.22801
20191001 00:55:01.314,1.2279799999999998,1.22805
20191001 00:55:01.321,1.228,1.22805
20191001 00:55:01.323,1.228,1.22806
20191001 00:55:01.389,1.228,1.2280799999999998
20191001 00:55:01.396,1.228,1.22807
20191001 00:55:02.503,1.228,1.2280799999999998
20191001 00:55:02.559,1.22801,1.22809
20191001 00:55:02.621,1.2280200000000001,1.2281
20191001 00:55:12.395,1.22806,1.22812
20191001 00:55:12.451,1.22807,1.22813
20191001 00:55:12.456,1.2280799999999998,1.2281600000000001
20191001 00:55:12.465,1.22807,1.22815
20191001 00:55:12.533,1.22806,1.22814
20191001 00:55:16.926,1.22807,1.22815
20191001 00:55:16.928,1.2280799999999998,1.2281600000000001
20191001 00:55:16.983,1.22809,1.22817
20191001 00:55:16.986,1.2281,1.22819
20191001 00:55:17.040,1.22811,1.22819
20191001 00:55:17.098,1.22813,1.22821
20191001 00:55:17.102,1.22813,1.2282
20191001 00:55:17.104,1.22811,1.22819
20191001 00:55:17.226,1.22812,1.2282
20191001 00:55:17.297,1.22811,1.22819
20191001 00:55:24.166,1.22812,1.2282
20191001 00:55:27.836,1.22813,1.2282
20191001 00:55:27.895,1.22814,1.2282
20191001 00:55:28.259,1.22815,1.2282
20191001 00:55:28.591,1.22814,1.2282
20191001 00:55:29.264,1.22821,1.22822
20191001 00:55:29.266,1.22822,1.22822
20191001 00:55:29.321,1.2282600000000001,1.22831
20191001 00:55:29.326,1.2282600000000001,1.22834
20191001 00:55:29.393,1.2282899999999999,1.22834
20191001 00:55:29.407,1.2282899999999999,1.22835
20191001 00:55:29.557,1.22827,1.22835
20191001 00:55:30.046,1.22827,1.22832
20191001 00:55:35.196,1.2282600000000001,1.22832
20191001 00:55:36.531,1.2282799999999998,1.22832
20191001 00:55:36.657,1.2282799999999998,1.22834
20191001 00:55:41.658,1.2282899999999999,1.2283600000000001
20191001 00:55:41.716,1.2282899999999999,1.22834
20191001 00:55:42.867,1.2282899999999999,1.22835
20191001 00:55:42.870,1.2282899999999999,1.22833
20191001 00:55:42.874,1.22827,1.22833
20191001 00:55:42.992,1.2282600000000001,1.22831
20191001 00:55:46.526,1.2282600000000001,1.22832
20191001 00:55:49.029,1.22824,1.22831
20191001 00:55:50.553,1.22824,1.2282799999999998
20191001 00:55:50.555,1.22823,1.2282799999999998
20191001 00:55:52.855,1.22822,1.2282799999999998
20191001 00:55:52.996,1.22823,1.2282799999999998
20191001 00:55:53.007,1.2282,1.22827
20191001 00:55:53.259,1.2282,1.2282600000000001
20191001 00:55:56.033,1.22819,1.2282600000000001
20191001 00:56:02.225,1.2281600000000001,1.22822
20191001 00:56:02.228,1.22815,1.22822
20191001 00:56:08.346,1.22814,1.2282
20191001 00:56:08.420,1.22813,1.2282
20191001 00:56:15.889,1.22814,1.22821
20191001 00:56:21.525,1.22813,1.2282
20191001 00:56:21.530,1.22811,1.2281799999999998
20191001 00:56:21.589,1.22809,1.2281600000000001
20191001 00:56:21.800,1.22812,1.2281600000000001
20191001 00:56:22.646,1.22812,1.22817
20191001 00:56:23.345,1.22811,1.22817
20191001 00:56:23.413,1.22813,1.22817
20191001 00:56:24.213,1.2281,1.2281600000000001
20191001 00:56:25.223,1.22809,1.2281600000000001
20191001 00:56:25.280,1.22809,1.22815
20191001 00:56:25.562,1.22806,1.22812
20191001 00:56:25.566,1.22803,1.22809
20191001 00:56:25.623,1.22801,1.2280799999999998
20191001 00:56:26.971,1.2280200000000001,1.22809
20191001 00:56:28.649,1.22799,1.22806
20191001 00:56:28.652,1.22796,1.22803
20191001 00:56:37.162,1.22797,1.22804
20191001 00:56:37.224,1.2279799999999998,1.22804
20191001 00:56:37.704,1.22799,1.22806
20191001 00:56:37.767,1.228,1.22806
20191001 00:56:39.216,1.22799,1.22806
20191001 00:56:43.948,1.2279799999999998,1.22807
20191001 00:56:44.281,1.2279799999999998,1.22806
20191001 00:56:47.271,1.2279799999999998,1.22807
20191001 00:56:49.353,1.2279799999999998,1.22809
20191001 00:56:50.681,1.22799,1.22809
20191001 00:56:52.550,1.22796,1.22809
20191001 00:56:55.230,1.22799,1.2281
20191001 00:56:55.349,1.22799,1.22809
20191001 00:57:00.047,1.22796,1.22805
20191001 00:57:01.162,1.22796,1.22806
20191001 00:57:02.046,1.2279799999999998,1.22806
20191001 00:57:04.130,1.22796,1.22807
20191001 00:57:05.059,1.22799,1.22807
20191001 00:57:08.023,1.228,1.22809
20191001 00:57:08.688,1.228,1.22807
20191001 00:57:08.854,1.2280200000000001,1.22807
20191001 00:57:09.639,1.22805,1.22811
20191001 00:57:09.643,1.22804,1.22811
20191001 00:57:09.695,1.22804,1.22809
20191001 00:57:09.697,1.22804,1.2280799999999998
20191001 00:57:09.704,1.2280200000000001,1.22807
20191001 00:57:09.758,1.22801,1.22807
20191001 00:57:09.760,1.2280200000000001,1.22807
20191001 00:57:09.766,1.2280200000000001,1.2280799999999998
20191001 00:57:10.886,1.22801,1.2280799999999998
20191001 00:57:12.759,1.22801,1.22807
20191001 00:57:12.764,1.22799,1.22805
20191001 00:57:13.661,1.228,1.22806
20191001 00:57:16.494,1.22801,1.22806
20191001 00:57:16.675,1.22799,1.22806
20191001 00:57:16.905,1.22801,1.22806
20191001 00:57:17.256,1.22799,1.22805
20191001 00:57:17.605,1.2279799999999998,1.22805
20191001 00:57:19.109,1.22799,1.22806
20191001 00:57:19.171,1.228,1.22806
20191001 00:57:21.859,1.22801,1.22806
20191001 00:57:28.111,1.228,1.22806
20191001 00:57:28.169,1.228,1.22805
20191001 00:57:28.172,1.22799,1.22805
20191001 00:57:28.234,1.228,1.22806
20191001 00:57:28.252,1.22799,1.22806
20191001 00:57:30.140,1.228,1.22806
20191001 00:57:32.714,1.22801,1.22806
20191001 00:57:33.110,1.22799,1.22806
20191001 00:57:34.604,1.228,1.22806
20191001 00:57:35.968,1.228,1.22811
20191001 00:57:45.936,1.228,1.22805
20191001 00:57:46.062,1.22799,1.22805
20191001 00:57:46.188,1.228,1.22805
20191001 00:57:46.443,1.22799,1.2280200000000001
20191001 00:57:46.448,1.2279799999999998,1.22801
20191001 00:57:46.508,1.22796,1.22801
20191001 00:57:46.511,1.22794,1.228
20191001 00:57:46.517,1.22794,1.22796
20191001 00:57:46.574,1.2279200000000001,1.22796
20191001 00:57:47.391,1.2279,1.22796
20191001 00:57:47.448,1.2279200000000001,1.22796
20191001 00:57:47.624,1.2279200000000001,1.22797
20191001 00:57:50.365,1.2279,1.22796
20191001 00:57:50.501,1.2279200000000001,1.22797
20191001 00:57:52.891,1.22791,1.22797
20191001 00:57:56.988,1.2279200000000001,1.22797
20191001 00:57:59.173,1.22791,1.22797
20191001 00:58:01.077,1.2279200000000001,1.22797
20191001 00:58:01.404,1.2279200000000001,1.22801
20191001 00:58:11.745,1.22791,1.22801
20191001 00:58:13.675,1.2279,1.22797
20191001 00:58:17.127,1.22791,1.22801
20191001 00:58:22.814,1.2279,1.22801
20191001 00:58:39.323,1.2279,1.228
20191001 00:58:39.386,1.2279,1.22793
20191001 00:58:39.396,1.22786,1.22791
20191001 00:58:39.457,1.2278200000000001,1.22791
20191001 00:58:39.468,1.2278200000000001,1.2279
20191001 00:58:39.482,1.22786,1.22793
20191001 00:58:39.547,1.22787,1.22794
20191001 00:58:39.609,1.2278799999999999,1.22794
20191001 00:58:39.621,1.22789,1.22794
20191001 00:58:39.877,1.2279,1.22794
20191001 00:58:40.219,1.2279,1.22796
20191001 00:58:40.695,1.2279200000000001,1.22796
20191001 00:58:40.753,1.2279200000000001,1.22797
20191001 00:58:40.818,1.2279,1.22797
20191001 00:58:42.162,1.22791,1.22797
20191001 00:58:46.941,1.22793,1.22797
20191001 00:58:46.996,1.22793,1.2279799999999998
20191001 00:58:47.052,1.22795,1.2279799999999998
20191001 00:58:47.163,1.22793,1.2279799999999998
20191001 00:58:47.165,1.22793,1.22799
20191001 00:58:47.221,1.22793,1.228
20191001 00:58:47.224,1.2279200000000001,1.2279799999999998
20191001 00:58:47.335,1.2279200000000001,1.22799
20191001 00:58:47.673,1.22794,1.22799
20191001 00:58:47.676,1.2279200000000001,1.22799
20191001 00:58:47.729,1.22791,1.22795
20191001 00:58:47.733,1.2279,1.22795
20191001 00:58:47.903,1.22791,1.22797
20191001 00:58:47.965,1.2279200000000001,1.2279799999999998
20191001 00:58:48.077,1.22793,1.228
20191001 00:58:51.250,1.2279200000000001,1.22799
20191001 00:58:51.309,1.22793,1.228
20191001 00:58:51.540,1.2279200000000001,1.22796
20191001 00:58:51.544,1.2279200000000001,1.22795
20191001 00:58:51.599,1.22789,1.22795
20191001 00:58:51.603,1.2279,1.22795
20191001 00:58:51.605,1.22789,1.22795
20191001 00:58:51.665,1.2279,1.22795
20191001 00:58:51.737,1.2279,1.22796
20191001 00:58:53.629,1.22791,1.22796
20191001 00:58:56.398,1.22791,1.2279799999999998
20191001 00:59:05.435,1.2279200000000001,1.22799
20191001 00:59:07.256,1.22791,1.2279799999999998
20191001 00:59:09.349,1.2279200000000001,1.22799
20191001 00:59:09.460,1.22793,1.228
20191001 00:59:09.716,1.22795,1.228
20191001 00:59:17.931,1.22795,1.2280200000000001
20191001 00:59:19.072,1.22793,1.22801
20191001 00:59:20.066,1.22794,1.22801
20191001 00:59:22.456,1.22795,1.22801
20191001 00:59:22.908,1.22795,1.22803
20191001 00:59:25.118,1.22794,1.22803
20191001 00:59:27.448,1.22795,1.22803
20191001 00:59:30.063,1.22796,1.22804
20191001 00:59:30.453,1.22799,1.22806
20191001 00:59:30.510,1.228,1.22806
20191001 00:59:31.133,1.22799,1.22806
20191001 00:59:31.134,1.228,1.22806
20191001 00:59:36.140,1.22801,1.22806
20191001 00:59:39.685,1.22801,1.2280799999999998
20191001 00:59:39.801,1.228,1.2280799999999998
20191001 00:59:39.853,1.228,1.22807
20191001 00:59:48.042,1.22803,1.22807
20191001 00:59:52.675,1.22803,1.22809
20191001 00:59:53.958,1.2280200000000001,1.22809
20191001 00:59:57.760,1.22803,1.22809
20191001 00:59:58.094,1.22804,1.22811
20191001 00:59:58.149,1.22805,1.22811
20191001 00:59:58.151,1.22804,1.22811
20191001 00:59:58.153,1.2280200000000001,1.22809
20191001 00:59:58.154,1.22801,1.2280799999999998
20191001 00:59:58.214,1.22803,1.2280799999999998
20191001 00:59:58.218,1.22803,1.22809
20191001 00:59:58.276,1.2280200000000001,1.22809
20191001 00:59:58.564,1.22803,1.22809
20191001 00:59:58.810,1.2280200000000001,1.22809
20191001 01:00:01.229,1.22805,1.22812
20191001 01:00:01.239,1.22805,1.22813
20191001 01:00:01.292,1.22806,1.22813
20191001 01:00:01.296,1.22806,1.22814
20191001 01:00:01.303,1.2280799999999998,1.2281600000000001
20191001 01:00:01.367,1.2280799999999998,1.22815
20191001 01:00:01.372,1.22807,1.22815
20191001 01:00:01.428,1.2280799999999998,1.2281600000000001
20191001 01:00:01.745,1.22807,1.22815
20191001 01:00:01.819,1.22806,1.22811
20191001 01:00:01.824,1.2280799999999998,1.22813
20191001 01:00:01.893,1.2280799999999998,1.22815
20191001 01:00:01.948,1.2280799999999998,1.2281600000000001
20191001 01:00:02.014,1.22809,1.2281600000000001
20191001 01:00:02.014,1.2281,1.2281600000000001
20191001 01:00:02.417,1.22811,1.2281600000000001
20191001 01:00:03.301,1.22811,1.22817
20191001 01:00:04.974,1.22813,1.22819
20191001 01:00:05.028,1.22814,1.22821
20191001 01:00:05.029,1.22815,1.22821
20191001 01:00:05.033,1.22814,1.22821
20191001 01:00:05.092,1.2281600000000001,1.22824
20191001 01:00:05.096,1.2281799999999998,1.22824
20191001 01:00:05.150,1.22819,1.22824
20191001 01:00:08.259,1.2282,1.22824
20191001 01:00:09.823,1.2282,1.22825
20191001 01:00:09.885,1.2282,1.2282600000000001
20191001 01:00:09.887,1.2282,1.2282799999999998
20191001 01:00:09.942,1.22821,1.2282899999999999
20191001 01:00:12.343,1.22822,1.2283
20191001 01:00:14.487,1.22822,1.2282899999999999
20191001 01:00:14.544,1.22821,1.2282899999999999
20191001 01:00:14.557,1.22822,1.2282899999999999
20191001 01:00:14.918,1.22823,1.2283
20191001 01:00:17.207,1.22823,1.22831
20191001 01:00:18.359,1.22823,1.2283
20191001 01:00:18.746,1.22822,1.2283
20191001 01:00:18.747,1.22821,1.2282799999999998
20191001 01:00:23.662,1.2282,1.2282799999999998
20191001 01:00:23.736,1.2282,1.22827
20191001 01:00:24.214,1.2282,1.2282799999999998
20191001 01:00:25.251,1.2282,1.22827
20191001 01:00:29.210,1.22821,1.2282899999999999
20191001 01:00:29.452,1.22821,1.2282799999999998
20191001 01:00:29.684,1.22821,1.2282899999999999
20191001 01:00:37.200,1.2282,1.2282899999999999
20191001 01:00:37.258,1.2282,1.2282799999999998
20191001 01:00:39.178,1.2282,1.2282899999999999
20191001 01:00:43.385,1.22821,1.2282899999999999
20191001 01:00:45.614,1.22823,1.2283
20191001 01:00:46.533,1.22824,1.2283
20191001 01:00:46.821,1.22825,1.2283
20191001 01:00:46.824,1.22827,1.22831
20191001 01:00:46.827,1.2282799999999998,1.22831
20191001 01:00:46.894,1.2282799999999998,1.22833
20191001 01:00:46.947,1.2282799999999998,1.22831
20191001 01:00:47.067,1.2282600000000001,1.22831
20191001 01:00:47.185,1.2282600000000001,1.22833
20191001 01:00:47.246,1.2282600000000001,1.22831
20191001 01:00:48.035,1.2282600000000001,1.22834
20191001 01:00:49.038,1.22827,1.22835
20191001 01:00:49.041,1.2282899999999999,1.22835
20191001 01:00:50.035,1.2283,1.22835
20191001 01:00:50.491,1.22831,1.22835
20191001 01:00:50.546,1.22832,1.22835
20191001 01:00:50.548,1.22832,1.22838
20191001 01:00:54.674,1.2283,1.22838
20191001 01:00:54.796,1.22831,1.2283899999999999
20191001 01:00:56.747,1.2283,1.2283600000000001
20191001 01:00:56.752,1.2282799999999998,1.22835
20191001 01:00:56.808,1.2282600000000001,1.22833
20191001 01:00:56.871,1.2282600000000001,1.22832
20191001 01:00:56.879,1.22823,1.2283
20191001 01:00:56.882,1.22822,1.2282899999999999
20191001 01:00:57.073,1.22824,1.2283
20191001 01:00:57.318,1.22823,1.2283
20191001 01:00:57.373,1.22822,1.2282899999999999
20191001 01:00:57.707,1.2282,1.22827
20191001 01:00:57.766,1.22819,1.2282600000000001
20191001 01:00:58.158,1.2282,1.22827
20191001 01:00:58.159,1.22821,1.2282799999999998
20191001 01:00:58.654,1.2282,1.22827
20191001 01:01:00.414,1.2282,1.22825
20191001 01:01:00.591,1.22819,1.22825
20191001 01:01:00.598,1.22817,1.22824
20191001 01:01:01.015,1.22819,1.22825
20191001 01:01:01.070,1.22819,1.2282600000000001
20191001 01:01:07.057,1.2281799999999998,1.22825
20191001 01:01:07.118,1.22817,1.22822
20191001 01:01:07.171,1.22817,1.2282
20191001 01:01:07.233,1.22812,1.2282
20191001 01:01:07.237,1.2281,1.22817
20191001 01:01:12.039,1.2281,1.2281600000000001
20191001 01:01:17.264,1.2280799999999998,1.22815
20191001 01:01:17.379,1.22807,1.22814
20191001 01:01:17.491,1.22805,1.22812
20191001 01:01:17.494,1.22803,1.2281
20191001 01:01:17.696,1.22804,1.2281
20191001 01:01:17.707,1.22806,1.2281
20191001 01:01:17.721,1.22806,1.22812
20191001 01:01:17.780,1.22806,1.22811
20191001 01:01:17.787,1.22804,1.22811
20191001 01:01:17.794,1.22803,1.2281
20191001 01:01:17.851,1.2280200000000001,1.22809
20191001 01:01:21.252,1.22803,1.2281
20191001 01:01:21.261,1.22806,1.22813
20191001 01:01:21.333,1.2280799999999998,1.22815
20191001 01:01:21.397,1.22807,1.22814
20191001 01:01:21.466,1.2280799999999998,1.22814
20191001 01:01:21.468,1.2280799999999998,1.22815
20191001 01:01:21.531,1.22807,1.22814
20191001 01:01:21.650,1.22807,1.22813
20191001 01:01:22.116,1.22807,1.22814
20191001 01:01:22.293,1.22807,1.22813
20191001 01:01:22.870,1.22807,1.22814
20191001 01:01:22.874,1.22807,1.22815
20191001 01:01:23.054,1.22806,1.22813
20191001 01:01:30.953,1.22805,1.22813
20191001 01:01:33.679,1.22805,1.22812
20191001 01:01:42.734,1.22807,1.22813
20191001 01:01:42.791,1.22807,1.22814
20191001 01:01:42.801,1.2281,1.22814
20191001 01:01:42.808,1.22807,1.22814
20191001 01:01:42.869,1.22807,1.22813
20191001 01:01:42.873,1.22806,1.22813
20191001 01:01:43.622,1.22806,1.22812
20191001 01:01:45.495,1.22806,1.22811
20191001 01:01:46.617,1.22806,1.22812
20191001 01:01:53.375,1.22809,1.22813
20191001 01:01:53.380,1.22809,1.22815
20191001 01:01:53.439,1.22809,1.2281600000000001
20191001 01:01:53.444,1.2281,1.2281600000000001
20191001 01:01:53.500,1.2281,1.22815
20191001 01:01:53.784,1.2280799999999998,1.22815
20191001 01:01:57.205,1.2280799999999998,1.22814
20191001 01:01:57.262,1.2280799999999998,1.22815
20191001 01:01:57.266,1.22809,1.22815
20191001 01:01:57.389,1.22809,1.2281600000000001
20191001 01:02:01.343,1.2281,1.2281600000000001
20191001 01:02:05.370,1.22809,1.2281600000000001
20191001 01:02:05.898,1.22809,1.22815
20191001 01:02:05.963,1.2280799999999998,1.22815
20191001 01:02:06.086,1.2280799999999998,1.22814
20191001 01:02:06.479,1.2280799999999998,1.22815
20191001 01:02:07.682,1.2280799999999998,1.22814
20191001 01:02:13.476,1.2280799999999998,1.22815
20191001 01:02:14.586,1.22807,1.22814
20191001 01:02:14.588,1.22807,1.22813
20191001 01:02:14.644,1.22806,1.22813
20191001 01:02:14.698,1.22806,1.22812
20191001 01:02:16.832,1.22806,1.22813
20191001 01:02:26.938,1.22805,1.22813
20191001 01:02:31.259,1.22806,1.22813
20191001 01:02:31.610,1.22806,1.22814
20191001 01:02:31.615,1.22807,1.22814
20191001 01:02:31.673,1.2280799999999998,1.22815
20191001 01:02:31.690,1.22809,1.2281600000000001
20191001 01:02:32.664,1.2280799999999998,1.2281600000000001
20191001 01:02:32.669,1.2280799999999998,1.22814
20191001 01:02:32.732,1.22806,1.22814
20191001 01:02:32.733,1.22806,1.22813
20191001 01:02:33.914,1.22805,1.22813
20191001 01:02:34.519,1.22806,1.22813
20191001 01:02:35.470,1.22803,1.22811
20191001 01:02:35.473,1.22803,1.22809
20191001 01:02:35.815,1.22804,1.2281
20191001 01:02:35.871,1.22805,1.2281
20191001 01:02:36.436,1.22805,1.22811
20191001 01:02:40.278,1.22807,1.22811
20191001 01:02:48.837,1.22805,1.22811
20191001 01:02:49.092,1.22804,1.22809
20191001 01:02:49.095,1.22803,1.22809
20191001 01:02:49.232,1.22804,1.22809
20191001 01:02:49.562,1.22803,1.22809
20191001 01:02:55.891,1.22801,1.2280799999999998
20191001 01:02:55.959,1.22803,1.22809
20191001 01:02:56.549,1.22801,1.22809
20191001 01:02:58.096,1.22801,1.2280799999999998
20191001 01:03:01.056,1.2280200000000001,1.22809
20191001 01:03:01.114,1.22803,1.22809
20191001 01:03:02.201,1.2280200000000001,1.22809
20191001 01:03:04.096,1.2280200000000001,1.2280799999999998
20191001 01:03:04.762,1.22801,1.2280799999999998
20191001 01:03:04.936,1.22801,1.22807
20191001 01:03:05.372,1.22803,1.22807
20191001 01:03:05.431,1.22803,1.2280799999999998
20191001 01:03:06.914,1.2280200000000001,1.2280799999999998
20191001 01:03:11.526,1.22803,1.2280799999999998
20191001 01:03:18.773,1.2280200000000001,1.2280799999999998
20191001 01:03:29.260,1.2279799999999998,1.2280799999999998
20191001 01:03:30.060,1.2280200000000001,1.2280799999999998
20191001 01:03:32.427,1.22803,1.2280799999999998
20191001 01:03:39.819,1.2280200000000001,1.2280799999999998
20191001 01:03:39.826,1.2280200000000001,1.22807
20191001 01:03:40.708,1.22797,1.22807
20191001 01:03:40.935,1.22797,1.2280799999999998
20191001 01:03:48.050,1.22803,1.2280799999999998
20191001 01:03:50.256,1.22803,1.22807
20191001 01:03:52.281,1.22803,1.2280799999999998
20191001 01:03:53.431,1.22804,1.2280799999999998
20191001 01:03:54.412,1.22797,1.2280799999999998
20191001 01:03:54.820,1.22801,1.22807
20191001 01:03:54.823,1.22799,1.22806
20191001 01:03:54.877,1.22799,1.22805
20191001 01:03:54.883,1.22794,1.2280200000000001
20191001 01:03:54.886,1.22794,1.22801
20191001 01:03:54.938,1.22794,1.228
20191001 01:03:54.947,1.2279200000000001,1.22799
20191001 01:03:54.950,1.22791,1.2279799999999998
20191001 01:03:55.077,1.22795,1.22799
20191001 01:03:55.079,1.22795,1.228
20191001 01:03:55.141,1.22796,1.2280200000000001
20191001 01:03:55.835,1.22796,1.22803
20191001 01:03:56.875,1.22797,1.22803
20191001 01:03:57.778,1.22797,1.22804
20191001 01:04:02.167,1.22797,1.22803
20191001 01:04:05.374,1.22796,1.22803
20191001 01:04:07.119,1.22797,1.22803
20191001 01:04:08.846,1.22796,1.22803
20191001 01:04:12.510,1.2279799999999998,1.22804
20191001 01:04:16.935,1.22797,1.22803
20191001 01:04:23.051,1.22796,1.22803
20191001 01:04:25.024,1.22797,1.22803
20191001 01:04:31.674,1.22797,1.22804
20191001 01:04:32.219,1.22797,1.22803
20191001 01:04:32.986,1.22796,1.22803
20191001 01:04:34.447,1.22795,1.2280200000000001
20191001 01:04:34.450,1.22795,1.22801
20191001 01:04:34.454,1.22794,1.22799
20191001 01:04:36.379,1.22794,1.228
20191001 01:04:36.438,1.22796,1.22801
20191001 01:04:40.231,1.22796,1.2280200000000001
20191001 01:04:41.414,1.22797,1.2280200000000001
20191001 01:04:44.169,1.22796,1.2280200000000001
20191001 01:04:53.816,1.22796,1.22803
20191001 01:04:54.680,1.22797,1.22803
20191001 01:04:58.216,1.22796,1.22803
20191001 01:05:00.144,1.22797,1.22803
20191001 01:05:00.270,1.2279799999999998,1.22803
20191001 01:05:01.769,1.22797,1.22803
20191001 01:05:01.834,1.22799,1.22803
20191001 01:05:02.997,1.22799,1.22804
20191001 01:05:04.037,1.22797,1.22804
20191001 01:05:05.469,1.22797,1.22803
20191001 01:05:09.559,1.22797,1.22804
20191001 01:05:09.671,1.22796,1.22804
20191001 01:05:09.899,1.22796,1.22803
20191001 01:05:12.807,1.22796,1.22804
20191001 01:05:12.916,1.22796,1.22803
20191001 01:05:14.085,1.22796,1.22804
20191001 01:05:14.091,1.2279799999999998,1.22805
20191001 01:05:14.206,1.2279799999999998,1.22804
20191001 01:05:14.436,1.22796,1.22804
20191001 01:05:14.827,1.22796,1.22803
20191001 01:05:15.820,1.22796,1.22804
20191001 01:05:16.947,1.2279799999999998,1.22806
20191001 01:05:17.006,1.22796,1.22804
20191001 01:05:17.724,1.228,1.22806
20191001 01:05:17.780,1.2280200000000001,1.2280799999999998
20191001 01:05:18.840,1.2280200000000001,1.22809
20191001 01:05:23.901,1.2280200000000001,1.2280799999999998
20191001 01:05:24.572,1.228,1.2280799999999998
20191001 01:05:26.152,1.22801,1.22809
20191001 01:05:29.930,1.228,1.2280799999999998
20191001 01:05:30.046,1.2279799999999998,1.22807
20191001 01:05:31.614,1.228,1.22807
20191001 01:05:33.988,1.2280200000000001,1.22809
20191001 01:05:35.466,1.2280200000000001,1.2280799999999998
20191001 01:05:38.653,1.22801,1.2280799999999998
20191001 01:05:38.727,1.228,1.22806
20191001 01:05:39.337,1.22799,1.22806
20191001 01:05:47.223,1.22797,1.22807
20191001 01:05:49.262,1.22801,1.22807
20191001 01:05:49.877,1.22801,1.2280799999999998
20191001 01:05:52.153,1.228,1.22806
20191001 01:05:53.611,1.228,1.22807
20191001 01:05:57.777,1.22801,1.22807
20191001 01:05:58.221,1.22799,1.22806
20191001 01:05:58.525,1.22801,1.2280799999999998
20191001 01:06:12.639,1.22797,1.22809
20191001 01:06:14.622,1.228,1.22807
20191001 01:06:29.666,1.22797,1.22809
20191001 01:06:30.971,1.22801,1.2280799999999998
20191001 01:06:45.344,1.2279799999999998,1.2281
20191001 01:06:46.337,1.2279799999999998,1.22811
20191001 01:06:55.226,1.2280200000000001,1.22809
20191001 01:07:00.674,1.22803,1.2281
20191001 01:07:00.743,1.22804,1.22811
20191001 01:07:00.801,1.22805,1.22812
20191001 01:07:07.041,1.2280200000000001,1.22815
20191001 01:07:11.573,1.2280200000000001,1.22814
20191001 01:07:13.131,1.228,1.22814
20191001 01:07:15.241,1.228,1.22815
20191001 01:07:16.415,1.228,1.22814
20191001 01:07:19.433,1.22799,1.22814
20191001 01:07:20.500,1.228,1.22814
20191001 01:07:20.854,1.228,1.2281600000000001
20191001 01:07:22.182,1.228,1.22815
20191001 01:07:31.352,1.22799,1.22815
20191001 01:07:31.962,1.22806,1.22813
20191001 01:07:45.913,1.2280200000000001,1.22815
20191001 01:07:53.109,1.22803,1.22815
20191001 01:07:54.883,1.22803,1.2281600000000001
20191001 01:07:56.197,1.22803,1.22815
20191001 01:07:59.263,1.22804,1.22815
20191001 01:08:27.109,1.22805,1.22817
20191001 01:08:27.113,1.22809,1.22817
20191001 01:08:27.116,1.22809,1.22819
20191001 01:08:27.186,1.22813,1.22819
20191001 01:08:27.190,1.22814,1.2282
20191001 01:08:27.245,1.22814,1.22821
20191001 01:08:27.316,1.22813,1.2282
20191001 01:08:27.320,1.22812,1.22819
20191001 01:08:27.501,1.22811,1.2281799999999998
20191001 01:08:28.240,1.22811,1.2281600000000001
20191001 01:08:28.533,1.22814,1.2281600000000001
20191001 01:08:28.538,1.22814,1.2281799999999998
20191001 01:08:29.104,1.22813,1.2281799999999998
20191001 01:08:29.107,1.22813,1.2281600000000001
20191001 01:08:29.167,1.22811,1.2281600000000001
20191001 01:08:30.028,1.22811,1.22815
20191001 01:08:32.997,1.22814,1.22815
20191001 01:08:33.370,1.22815,1.2282
20191001 01:08:33.432,1.22815,1.22815
20191001 01:08:37.693,1.22815,1.22819
20191001 01:08:37.816,1.22815,1.22821
20191001 01:08:38.171,1.22815,1.22817
20191001 01:08:39.063,1.22815,1.2281600000000001
20191001 01:08:39.344,1.22813,1.2281600000000001
20191001 01:08:39.351,1.22813,1.22815
20191001 01:08:39.352,1.22812,1.22815
20191001 01:08:39.527,1.22812,1.22813
20191001 01:08:39.808,1.22812,1.2281600000000001
20191001 01:08:43.626,1.22812,1.22815
20191001 01:08:43.907,1.2281,1.22815
20191001 01:08:44.859,1.2281,1.22814
20191001 01:08:48.633,1.2281,1.22815
20191001 01:08:50.044,1.2281,1.22812
20191001 01:08:57.479,1.2281,1.22813
20191001 01:08:57.773,1.22813,1.22813
