Time,Bid,Ask
1481547643860331179,0.0,30.9
1481547643906618499,0.0,30.9
1481548881158688834,0.0,25.85
1481548881158797968,0.0,30.9
1481549368211592139,0.0,25.86
1481549368231378853,0.0,30.9
1481549523172383035,25.84,30.9
1481549523172464033,0.0,30.9
1481550000693189764,0.0,25.87
1481550000713010231,0.0,30.9
1481550032822896887,25.85,30.9
1481550032843139699,0.0,30.9
1481550415134226749,25.86,30.9
1481550415141453706,0.0,30.9
1481550553045571563,0.0,25.88
1481550589282980942,0.0,30.9
1481550602155471953,25.86,30.9
1481550602163228625,25.88,30.9
1481550602163789009,25.86,30.9
1481550602166991138,25.89,30.9
1481550608418315111,25.86,30.9
1481550691774172665,25.9,30.9
1481550691794062762,25.86,30.9
1481550745966130340,25.86,25.92
1481550760155359173,25.86,30.9
1481550760158168584,25.86,25.95
1481550762017185479,25.86,30.9
1481550762019817376,25.86,25.92
1481550768541017586,25.86,30.9
1481550768544461146,25.86,26.04
1481550768648784583,25.86,30.9
1481550768651445857,25.86,26.01
1481550768972410917,25.86,30.9
1481550768974619454,25.86,25.95
1481550768975334147,25.86,30.9
1481550768978619778,25.86,26.04
1481550768982554104,25.91,26.04
1481550768982829028,25.91,26.04
1481550768983045928,25.92,26.04
1481550768986157018,25.91,26.04
1481550768986206746,25.91,26.04
1481550768986387516,25.86,26.04
1481550768987718846,25.9,26.04
1481550769227781919,25.86,26.04
1481550769765373398,25.86,30.9
1481550769768271377,25.86,26.01
1481550769769529025,25.9,26.01
1481550779129316923,25.86,26.01
1481550783638826334,25.86,25.95
1481550865996598519,25.86,30.9
1481550866001460377,25.86,25.92
1481550866004434314,25.86,30.9
1481550866007349299,25.86,25.95
1481550869019920471,25.86,30.9
1481550869022453882,25.86,25.92
1481550884988916662,25.86,30.9
1481550954784969907,25.88,30.9
1481550954785415495,25.86,30.9
1481550969127138851,25.86,25.92
1481550998971402043,25.86,30.9
1481551004623169393,25.86,25.9
1481551012864967237,25.86,30.9
1481551014524397348,25.89,30.9
1481551014814011310,25.86,30.9
1481551019173554209,25.9,30.9
1481551027203283979,25.9,25.93
1481551027213389772,25.86,25.93
1481551027214522751,25.86,30.9
1481551036936264490,25.9,30.9
1481551056424441214,25.9,25.93
1481551056444282063,25.9,30.9
1481551177331224068,25.86,30.9
1481551177334422793,25.86,25.92
1481551177338461619,25.86,25.91
1481551177338832523,25.86,25.92
1481551205764455059,25.86,25.92
1481551223410685528,25.88,25.92
1481551223430792831,25.86,25.92
1481551223529835923,25.86,25.92
1481551224416583260,25.86,26.01
1481551224418950596,25.89,26.01
1481551224420435802,25.89,30.9
1481551224421558256,25.91,30.9
1481551224422029957,25.89,30.9
1481551224423474887,25.89,26.04
1481551224425794415,25.89,30.9
1481551224426370483,25.92,30.9
1481551224429691571,25.92,26.1
1481551224431647056,25.93,26.1
1481551224457257838,25.92,26.1
1481551224526823801,25.92,30.9
1481551224529182336,25.92,26.01
1481551224543390926,25.89,26.01
1481551225436306844,25.9,26.01
1481551226045501853,25.89,26.01
1481551226047851243,25.86,26.01
1481551226049488519,25.86,30.9
1481551226052447973,25.86,25.99
1481551226056008303,25.86,30.9
1481551226058501793,25.86,26.04
1481551226058730772,25.9,26.04
1481551226059566208,25.86,26.04
1481551226059643791,25.86,30.9
1481551226061940151,25.87,30.9
1481551226062699788,25.87,26.01
1481551226267984900,25.86,26.01
1481551226572499409,25.86,30.9
1481551226574763814,25.86,25.99
1481551226575971629,25.86,30.9
1481551226578585432,25.86,25.92
1481551226579629024,25.86,30.9
1481551226584293722,25.86,25.92
1481551226584376835,25.86,30.9
1481551226586806635,25.86,25.99
1481551227081696294,25.87,25.99
1481551229657541713,25.86,25.99
1481551230625775953,25.87,25.99
1481551236645206116,25.87,30.9
1481551236647185509,25.86,30.9
1481551236647889562,25.86,26.04
1481551236648511119,25.86,30.9
1481551236650129077,25.87,30.9
1481551236651408026,25.87,26.01
1481551236652745706,25.86,26.01
1481551236653945434,25.86,30.9
1481551236656528021,25.86,25.95
1481551236911945045,25.86,30.9
1481551236914219681,25.86,25.92
1481551275604811873,25.86,30.9
1481551275607164038,25.86,25.99
1481551276219747174,25.86,30.9
1481551276222094987,25.86,25.92
1481551293429322338,25.86,30.9
1481551293431364760,25.86,25.95
1481551293432082472,25.86,30.9
1481551293434838252,25.86,26.01
1481551294513366651,25.9,26.01
1481551295678996208,25.86,26.01
1481551296944608502,25.9,26.01
1481551310699203230,25.91,26.01
1481551310719409217,25.9,26.01
1481551328144470018,25.9,30.9
1481551328146819066,25.9,26.04
1481551328295829273,25.86,26.04
1481551329517021627,25.86,30.9
1481551329519049127,25.86,26.01
1481551329520624729,25.9,26.01
1481551466057472988,25.86,26.01
1481551466059797025,25.87,26.01
1481551470220092828,25.86,26.01
1481551470222400316,25.9,26.01
1481551489728002606,25.9,25.94
1481551489728103419,25.9,26.01
1481551508599437171,25.92,26.01
1481551557286622127,25.92,25.95
1481551557287961599,25.9,25.95
1481551557288346102,25.86,25.95
1481551557290632543,25.87,25.95
1481551557796561776,25.86,25.95
1481551557798861310,25.9,25.95
1481551558298580293,25.9,26.01
1481551575857971803,25.86,26.01
1481551575860269012,25.87,26.01
1481551576716369151,25.86,26.01
1481551576718659612,25.9,26.01
1481551735920791279,25.93,26.01
1481551735921121163,25.9,26.01
1481551938013654475,25.9,25.96
1481551938013921303,25.9,25.95
1481551938014427499,25.9,26.01
1481552007865486032,25.9,30.9
1481552007867796344,25.9,26.04
1481552012242064601,25.9,30.9
1481552012244316476,25.9,26.01
1481552071807617900,25.9,30.9
1481552071809935795,25.9,26.04
1481552072328103808,25.9,30.9
1481552072330322329,25.9,26.01
1481552091425539476,25.9,30.9
1481552091427799901,25.9,26.04
1481552091432040376,0.0,26.04
1481552091433360350,0.0,30.9
1481552091434442535,25.9,30.9
1481552091435658049,25.9,26.1
1481552091438583465,0.0,26.1
1481552091440712790,25.9,26.1
1481552091441321223,0.0,26.1
1481552091444251370,25.9,26.1
1481552091452724468,0.0,26.1
1481552091454954663,25.92,26.1
1481552095111546426,25.92,30.9
1481552095113786756,25.92,26.04
1481552135584616614,0.0,26.04
1481552135586519656,0.0,30.9
1481552135587060124,25.9,30.9
1481552135588793229,25.9,26.04
1481552135603243842,0.0,26.04
1481552135603301242,0.0,30.9
1481552135605248968,25.87,30.9
1481552135606351591,25.87,26.01
1481552136157656533,0.0,26.01
1481552136159915995,25.9,26.01
1481552138567572626,0.0,26.01
1481552138569804626,25.83,26.01
1481552139605673241,0.0,26.01
1481552139607890178,25.9,26.01
1481552189045917768,25.9,30.9
1481552189048169018,25.9,26.04
1481552190029954414,25.9,30.9
1481552190032229469,25.9,26.01
1481552195716444160,25.9,30.9
1481552195718654222,25.9,26.04
1481552195722923069,25.9,30.9
1481552195725102193,25.9,26.1
1481552196163790017,25.9,30.9
1481552196165956771,25.9,26.01
1481552196168224013,25.9,30.9
1481552196168630346,0.0,30.9
1481552196170412155,0.0,26.04
1481552196171245537,25.9,26.04
1481552196171996445,0.0,26.04
1481552196174842462,25.92,26.04
1481552196274256361,0.0,26.04
1481552196275454527,0.0,30.9
1481552196276411314,25.9,30.9
1481552196277548149,25.9,26.1
1481552196675356442,0.0,26.1
1481552196677491371,25.92,26.1
1481552196953851557,25.92,30.9
1481552196955988985,25.92,26.04
1481552208178723889,0.0,26.04
1481552208180866959,25.87,26.04
1481552208535439788,0.0,26.04
1481552208537565591,25.92,26.04
1481552237600283265,0.0,26.04
1481552237602461593,25.9,26.04
1481552237604253654,25.9,30.9
1481552237605915831,25.9,26.04
1481552239062689137,25.9,30.9
1481552239064811204,25.9,26.01
1481552559519825730,25.9,30.9
1481552559521611647,25.9,26.04
1481552559521689221,0.0,26.04
1481552559524171761,25.92,26.04
1481552559524329746,25.92,30.9
1481552559525895318,0.0,30.9
1481552559527046257,0.0,26.13
1481552559528104237,25.9,26.13
1481552560187267251,25.9,30.9
1481552560189384793,25.9,26.01
1481552579330070113,25.96,26.01
1481552621825395229,25.96,30.9
1481552621827520134,25.96,26.04
1481552627963830793,25.97,26.04
1481552631405198017,25.97,30.9
1481552631407291863,25.97,26.01
1481552635195201515,25.96,26.01
1481552686102768985,25.96,25.99
1481552686102850764,25.96,26.01
1481552727513212233,25.97,26.01
1481552727533319149,25.96,26.01
1481552742349049005,25.96,25.99
1481552742349408763,25.96,26.01
1481552782297836474,25.96,30.9
1481552782299978043,25.96,26.04
1481552784656459662,25.96,30.9
1481552784658547496,25.96,26.01
1481552813344282684,25.96,30.9
1481552813346392754,25.96,26.04
1481552816220447738,25.96,30.9
1481552816222534876,25.96,26.01
1481552820959203710,25.96,30.9
1481552820959681348,25.98,30.9
1481552820959859635,25.96,30.9
1481552820961117183,25.96,26.04
1481552820967336793,25.96,30.9
1481552820969444891,25.96,26.04
1481552825347743790,25.96,30.9
1481552825350376387,25.96,26.01
1481552840974272290,25.96,30.9
1481552840976368403,25.96,26.04
1481552841792975181,25.96,30.9
1481552841795062823,25.96,26.04
1481552848514302375,25.96,30.9
1481552848516385866,25.96,26.01
1481552848521514867,25.96,30.9
1481552848523594466,25.96,26.04
1481552855934770376,25.96,30.9
1481552855936854247,25.96,26.01
1481552867856604250,25.96,30.9
1481552867858686424,25.96,26.04
1481552884504910498,25.96,30.9
1481552884507045150,25.96,26.1
1481552884974755143,25.96,30.9
1481552884976844338,25.96,26.04
1481552888559967611,25.96,26.01
1481552888560051266,25.96,26.04
1481552888718028189,25.99,26.04
1481552888738105651,25.96,26.04
1481552917287438205,25.96,26.01
1481552917287753667,25.96,26.04
1481552936462368800,25.96,30.9
1481552936464485480,25.96,26.09
1481552936515432578,25.96,30.9
1481552936517537373,25.96,26.1
1481552936544946148,25.96,30.9
1481552936547049803,25.96,26.15
1481552937900948296,25.96,30.9
1481552937903033171,25.96,26.04
1481552939079431883,25.96,30.9
1481552939081525901,25.96,26.09
1481552939285808023,25.96,30.9
1481552939287893387,25.96,26.04
1481552948499134707,25.99,26.04
1481552948519193738,25.96,26.04
1481552957300127866,25.96,26.01
1481552959308711704,25.99,26.01
1481552959308788380,25.99,26.04
1481552959310739890,25.96,26.04
1481552970882378248,25.96,26.0
1481552970902504046,25.96,26.04
1481552992365018352,25.96,30.9
1481552992365055180,25.98,30.9
1481552992366925478,25.99,30.9
1481552992367190548,25.98,30.9
1481552992367514489,25.98,26.1
1481552992374717166,25.98,30.9
1481552992376790421,25.98,26.13
1481552993032769049,25.98,30.9
1481552993034541285,25.99,30.9
1481552993035931514,25.99,26.1
1481552995199162733,25.98,26.1
1481552995838589371,25.99,26.1
1481552995944729337,25.98,26.1
1481552995983726751,25.96,26.1
1481552995984909393,25.96,30.9
1481552995987016666,25.96,26.1
1481552995989281033,25.96,30.9
1481552995991852839,25.96,26.04
1481552996063542968,25.96,30.9
1481552996065590864,25.96,26.1
1481552996562367787,25.96,30.9
1481552996564484823,25.96,26.04
1481552997684921445,25.96,26.01
1481552997705052755,25.96,26.04
1481552999996328246,25.98,26.04
1481553000007155616,25.98,26.0
1481553000007592009,25.98,26.04
1481553000009206022,25.96,26.04
1481553000040636495,25.96,26.08
1481553000119503857,25.96,26.0
1481553000131902139,25.97,26.0
1481553000142357174,25.97,26.04
1481553000186725509,25.97,26.08
1481553000194341434,25.97,26.15
1481553000196254723,25.97,30.9
1481553000196471126,25.98,30.9
1481553000269429412,25.98,26.13
1481553000299789579,25.98,30.9
1481553000320127603,25.97,30.9
1481553000339772387,25.97,26.1
1481553000528815042,25.97,30.9
1481553000532344714,25.97,26.15
1481553000732928072,25.97,30.9
1481553000735139880,25.97,26.04
1481553001300021722,25.96,26.04
1481553001512280182,25.92,26.04
1481553002278127527,25.9,26.04
1481553002280208679,25.9,26.04
1481553002370803078,25.9,25.99
1481553002437786287,25.96,25.99
1481553002437811286,25.96,26.04
1481553002443443494,25.96,26.07
1481553002443941540,25.96,26.07
1481553002444031097,25.96,26.07
1481553002445820167,25.96,26.04
1481553002449194868,25.96,26.07
1481553002451030968,25.96,26.01
1481553002480815215,25.96,26.01
1481553002497519502,25.97,26.01
1481553002497565502,25.97,26.01
1481553002497733163,25.97,26.01
1481553002499621495,25.97,26.07
1481553002501555313,25.97,26.04
1481553002838791749,25.97,26.07
1481553002840797370,25.96,26.07
1481553002840821079,25.96,26.04
1481553002842032702,25.96,26.07
1481553002844562714,25.96,26.01
1481553002855836114,25.96,26.01
1481553002944879346,25.96,26.07
1481553002947011129,25.96,26.04
1481553003131694557,25.96,26.04
1481553003442525199,25.96,26.07
1481553003444535407,25.96,26.01
1481553003462943591,25.96,26.01
1481553003492409403,25.96,26.01
1481553003520758562,25.96,26.01
1481553004199302887,25.95,26.01
1481553004297090481,25.96,26.01
1481553004803860362,25.96,25.98
1481553004824090341,25.96,26.01
1481553006051705760,25.96,26.01
1481553006935010901,25.96,26.01
1481553006936144564,25.96,26.01
1481553006973026507,25.96,26.01
1481553006999539026,25.9,26.01
1481553006999684635,25.95,26.01
1481553007000851881,25.95,25.97
1481553007003226167,25.95,26.01
1481553007024929676,25.95,25.96
1481553007025044944,25.95,26.01
1481553007026499505,25.95,25.97
1481553007026521773,25.9,25.97
1481553007026581062,25.94,25.97
1481553007026686384,25.94,25.96
1481553007029668774,25.94,25.97
1481553007172229608,25.94,25.97
1481553007223962687,25.95,25.97
1481553008704897036,25.94,25.97
1481553008717123079,25.94,25.96
1481553008717137807,25.94,25.96
1481553008717185247,25.94,25.96
1481553008717364623,25.94,25.96
1481553008717495676,25.94,25.96
1481553008719751723,25.94,25.95
1481553008722833027,25.94,25.96
1481553008722869049,25.94,25.97
1481553008817778436,25.9,25.97
1481553008915706861,25.93,25.97
1481553008996713141,25.93,25.95
1481553009000361462,25.93,25.97
1481553009006707035,25.93,25.95
1481553010003969364,25.9,25.95
1481553010012612262,25.9,25.94
1481553010014142712,25.9,25.95
1481553010014192467,25.9,25.97
1481553010015349491,25.9,25.94
1481553010139275722,25.9,25.97
1481553010960260678,25.93,25.97
1481553010960367766,25.93,25.97
1481553012065195083,25.93,25.97
1481553014011203845,25.9,25.97
1481553015976271929,25.93,25.97
1481553016471381924,25.93,25.97
1481553016472596615,25.94,25.97
1481553017542466846,25.94,25.97
1481553017564356768,25.95,25.97
1481553020552715845,25.95,26.01
1481553020553326481,25.95,26.01
1481553020553830817,25.96,26.01
1481553020556668289,25.96,25.98
1481553020557445853,25.96,26.01
1481553020558817997,25.96,25.98
1481553020562512349,25.96,26.01
1481553020562548048,25.96,25.97
1481553020568187217,25.96,26.01
1481553020656322087,25.96,26.01
1481553020656785487,25.96,26.07
1481553020658210363,25.97,26.07
1481553020660866323,25.97,26.04
1481553020661002958,25.97,26.04
1481553020662510244,25.97,26.04
1481553020665258603,25.97,25.99
1481553020666452493,25.98,25.99
1481553020667630566,25.98,26.07
1481553020667772584,25.98,26.07
1481553020670282317,25.98,26.07
1481553020732305357,25.98,26.07
1481553020732689328,25.98,26.07
1481553020733565212,25.98,26.07
1481553020756038101,25.98,26.07
1481553020782941148,25.98,26.07
1481553020785984566,25.99,26.07
1481553020786246607,25.99,26.07
1481553020786615068,25.99,26.07
1481553020786627125,26.0,26.07
1481553020789208557,26.0,26.1
1481553020794948553,26.0,26.1
1481553020806121527,26.0,26.14
1481553020806708888,26.0,26.14
1481553020808145370,26.0,26.13
1481553020815193081,26.0,26.13
1481553020836917024,26.0,26.14
1481553020838851493,26.0,26.06
1481553020851379923,26.0,26.14
1481553020853336706,26.0,26.13
1481553020863265182,26.0,26.02
1481553020863527876,26.0,26.02
1481553020883316992,26.0,26.13
1481553020974069623,26.0,26.02
1481553020974152242,26.0,26.02
1481553020974542423,26.0,26.02
1481553020976341359,26.0,26.13
1481553020977276236,26.0,26.01
1481553020978950599,26.0,26.13
1481553020979688779,26.0,26.13
1481553020979725757,25.98,26.13
1481553020980559187,25.98,26.01
1481553020980807555,25.99,26.01
1481553020984540953,25.99,26.13
1481553020984826474,25.99,26.13
1481553020985699675,25.99,26.01
1481553020999994641,25.99,26.13
1481553021003893856,25.99,26.1
1481553021272018205,25.99,26.14
1481553021273978704,25.99,26.04
1481553021860351480,25.99,26.04
1481553021863649511,25.99,26.04
1481553021865286477,25.99,26.04
1481553021866422114,25.99,26.14
1481553021866664094,26.0,26.14
1481553021868441419,26.0,26.1
1481553021984317818,26.0,26.1
1481553022000582877,26.0,26.1
1481553022000797567,26.0,26.1
1481553022000878946,26.0,26.02
1481553022001416704,26.0,26.02
1481553022002438825,26.0,26.14
1481553022002555706,25.97,26.14
1481553022003591373,25.97,26.13
1481553022028397711,25.97,26.14
1481553022030290342,25.97,26.06
1481553022565843225,25.97,26.14
1481553022568254869,25.97,26.13
1481553022705225640,25.97,26.14
1481553022707125318,25.97,26.1
1481553023005283161,26.0,26.1
1481553023005459141,25.97,26.1
1481553023005825768,26.0,26.1
1481553023007377712,26.0,26.14
1481553023007498244,26.0,26.02
1481553023008794522,25.99,26.02
1481553023009083881,25.99,26.01
1481553023009543156,25.99,26.01
1481553023010223606,25.99,26.01
1481553023018159490,25.99,26.02
1481553023018194565,25.99,26.04
1481553023333854271,25.99,26.02
1481553023333883313,25.99,26.04
1481553023334351309,26.0,26.04
1481553023334531975,26.0,26.02
1481553023334781664,26.0,26.04
1481553023370694283,26.0,26.02
1481553023370905845,26.0,26.02
1481553023371024073,26.0,26.02
1481553023372158978,26.0,26.01
1481553023376612745,26.0,26.02
1481553023579584920,25.99,26.02
1481553026028018357,25.99,26.02
1481553026028552995,26.0,26.02
1481553026028604035,26.0,26.02
1481553026028861750,26.0,26.02
1481553026078893252,26.0,26.02
1481553026174407545,26.0,26.02
1481553026174869682,26.0,26.01
1481553026175348460,26.0,26.01
1481553026175536982,26.0,26.01
1481553026175558309,25.99,26.01
1481553026176165081,25.97,26.01
1481553026180659156,25.97,26.02
1481553026719505968,26.0,26.02
1481553028191535931,25.97,26.02
1481553028674523535,25.97,26.01
1481553028675093110,25.99,26.01
1481553028675829268,25.99,26.02
1481553028678380739,25.99,26.0
1481553028679023423,25.97,26.0
1481553028679769558,25.97,26.02
1481553028995995304,25.98,26.02
1481553029070239014,25.97,26.02
1481553029120655841,25.98,26.02
1481553029121514206,25.98,26.0
1481553029946040749,25.98,26.0
1481553029994283024,25.98,26.0
1481553030021027920,25.98,26.0
1481553030021826126,25.98,26.02
1481553030171692058,25.98,26.0
1481553030172360164,25.98,26.0
1481553030175179565,25.98,26.02
1481553030175382884,25.97,26.02
1481553031034412639,25.98,26.02
1481553031050779775,25.97,26.02
1481553031378820178,25.98,26.02
1481553031708436240,25.97,26.02
1481553033000866235,25.97,25.99
1481553033001541767,25.95,25.99
1481553033001831998,25.96,25.99
1481553033002118475,25.96,26.02
1481553033005662933,25.96,26.01
1481553033007445274,25.96,25.98
1481553033027733407,25.96,26.01
1481553033108589086,25.96,25.98
1481553033118708071,25.96,26.01
1481553033129239781,25.96,26.02
1481553033156659742,25.97,26.02
1481553033189395370,25.97,25.99
1481553033190177149,25.97,26.02
1481553033190436385,25.97,26.02
1481553033190628362,25.97,26.02
1481553033192850155,25.98,26.02
1481553033920289082,25.98,26.02
1481553035503346813,25.98,26.02
1481553035792210653,25.98,26.02
1481553036183800262,25.98,26.0
1481553036190778384,25.98,26.0
1481553036211369205,25.98,26.0
1481553036632686302,25.98,26.0
1481553036862946149,25.98,26.0
1481553036862975784,25.98,26.02
1481553036864039737,25.98,26.02
1481553036864895582,25.98,26.02
1481553037313945517,25.98,26.02
1481553037314072400,25.98,26.02
1481553037314123559,25.98,26.02
1481553037314132096,25.98,26.02
1481553037315841753,25.96,26.02
1481553037428726772,25.97,26.02
1481553037893330891,25.97,26.02
1481553043262033995,25.97,26.02
1481553043262214881,25.97,26.02
1481553043262626209,25.98,26.02
1481553043263081068,25.98,26.02
